1953 3278
168 164 194 183 ι.
214 158 264 183 Ch.
285 157 345 182 207.

675 140 818 176 LIBER
844 139 1010 175 xxvm.
1063 137 1164 173 CAP.
1192 142 1223 172 9.
1669 135 1721 176 19

169 255 220 297 ad
252 253 399 295 urbem
432 249 695 302 accederent3
734 248 965 290 Praeneste
1004 247 1075 302 qui
1114 246 1231 300 prior
1264 245 1468 297 venisset,
1501 243 1721 297 conlegam
1749 253 1769 283 5

167 313 227 354 ibi
261 309 450 365 opperiri
481 309 632 350 iussus.

695 307 805 349 forte
831 307 892 348 ita
918 306 1071 359 evenit,
1103 308 1150 346 ut
1175 304 1321 346 eodem
1349 303 1415 344 die
1443 301 1568 344 ambo
1596 301 1720 342 Prae-

166 373 287 412 neste
319 368 524 410 venirent.
576 366 673 408 inde
706 365 941 420 praemisso
974 364 1125 417 edicto,
1156 366 1203 403 ut
1229 362 1369 403 triduo
1397 364 1495 416 post
1526 359 1723 414 frequens

167 431 341 471 senatus
374 426 427 468 ad
460 426 606 467 aedem
639 425 845 466 Bellonae
879 423 1066 475 adesset,
1099 422 1216 462 omni
1248 420 1520 461 multitudine
1553 418 1723 460 obviam

165 487 300 529 effusa
345 485 399 527 ad
444 484 591 526 urbem
637 495 864 525 accessere.

937 495 1024 522 non
1074 480 1318 521 salutabant
1364 478 1490 520 modo
1537 476 1724 519 universi
1750 488 1770 518 6

165 543 428 596 circumfusi,
459 543 531 585 sed
558 542 805 596 contingere
831 553 908 593 pro
935 553 979 580 se
1005 539 1182 592 quisque
1209 537 1404 579 victrices
1431 537 1600 578 dextras
1627 550 1724 577 con-

165 605 306 646 sulum
341 602 576 657 cupientes,
608 600 683 642 alii
716 598 1056 654 gratulabantur,
1091 596 1162 638 alii
1195 596 1358 650 gratias
1385 595 1581 650 agebant,
1614 594 1726 648 quod

163 677 310 705 eorum
348 675 478 716 opera
514 658 742 701 incolumis
774 671 841 698 res
867 656 1038 710 publica
1065 656 1188 696 esset.
1237 655 1282 695 in
1309 657 1460 695 senatu
1488 667 1582 694 cum
1610 666 1726 694 more
1754 663 1772 694 7

163 721 362 764 omnium
394 720 702 773 imperatorum
729 715 932 770 expositis
957 714 1083 756 rebus
1111 713 1164 754 ab
1192 727 1235 754 se
1268 713 1399 767 gestis
1426 712 1727 766 postulassent,

162 783 210 821 ut
245 793 328 833 pro
360 792 408 820 re
440 777 613 831 publica
646 775 815 817 fortiter
845 773 1108 827 feliciterque
1141 772 1439 813 administrata
1466 773 1507 811 et
1533 770 1622 811 deis
1650 771 1727 811 im-

160 837 423 879 mortalibus
468 835 701 877 haberetur
743 833 881 875 honos
925 834 967 873 et
1016 831 1123 885 ipsis
1167 829 1536 884 triumphantibus
1580 828 1727 870 urbem

159 896 266 938 inire
307 895 479 948 liceret,
525 908 568 935 se
600 907 700 934 vero
740 907 806 946 ea,
851 904 958 946 quae
995 889 1282 944 postularent,
1325 889 1547 930 decernere
1585 890 1727 942 patres
1754 897 1774 929 8

159 954 313 996 merito
346 953 528 995 deorum
561 952 760 1005 primum,
792 950 889 992 dein
917 948 1147 990 secundum
1175 948 1276 989 deos
1304 947 1528 990 consulum
1554 960 1728 1000 respon-

161 1013 336 1065 derunt3
368 1015 410 1053 et
445 1010 761 1065 supplicatione
794 1009 1018 1050 amborum
1049 1007 1222 1048 nomine
1250 1010 1293 1048 et
1316 1006 1535 1060 triumpho
1561 1006 1728 1058 utrique
1754 1016 1774 1046 9

162 1071 346 1123 decreto,
381 1071 495 1112 inter
523 1071 651 1124 ipsos,
682 1083 736 1110 ne
763 1082 859 1109 cum
884 1066 1046 1108 bellum
1073 1067 1287 1108 communi
1314 1066 1456 1107 animo
1483 1065 1729 1119 gessissent,

163 1209 296 1254 vulgar
325 1226 368 1237 =
395 1209 516 1251 simul,
542 1207 611 1242 wie
638 1207 739 1242 nullo
759 1209 913 1250 tempore

163 1273 207 1286 =
229 1267 438 1300 numquam,
464 1255 564 1290 omni
589 1258 742 1299 tempore
761 1270 804 1283 =
825 1264 911 1288 sem-

156 1315 224 1348 per
249 1315 283 1337 u.
311 1313 343 1338 a.

210 1355 240 1385 5.
281 1349 419 1394 iussus]
463 1348 611 1392 „wurde
643 1347 820 1391 gebeten,
860 1358 912 1381 er-

162 1397 312 1439 sucht“;
328 1396 386 1431 die
402 1394 637 1430 zablreichen
646 1393 912 1430 Hoflichkeits-

162 1443 396 1488 wendungen
410 1442 469 1476 ffir
477 1441 801 1486 Aufforderungen
809 1440 916 1485 jeder

164 1492 235 1525 Art
258 1490 310 1524 im
335 1488 537 1524 modernen
566 1488 637 1523 Stil
662 1488 785 1523 finden
810 1488 915 1522 ihren

163 1536 361 1572 Ausdruck
387 1535 427 1569 in
452 1536 593 1578 iubere;
633 1535 706 1580 vgl.
734 1531 912 1570 κελεύειν.

165 1594 194 1618 c.
224 1587 282 1627 35,
308 1586 330 1617 4
356 1583 448 1618 duos
469 1582 703 1627 (Masinissa)
724 1592 796 1626 pro
822 1582 915 1617 obsi-

163 1631 274 1667 dibus
299 1631 448 1665 retineri
474 1630 525 1665 ab
546 1628 757 1674 Scipione
781 1629 915 1664 iubet.

214 1678 265 1712 ad
290 1677 410 1712 aedem
436 1676 627 1721 Bellonae]
665 1676 730 1711 der
762 1676 916 1720 Tempel

167 1725 233 1760 der
258 1723 518 1769 Kriegsgottin
544 1723 712 1767 (Bellona.
736 1739 780 1752 =
804 1722 916 1757 Duel-

166 1772 269 1815 lona)
305 1770 360 1806 als
392 1770 602 1805 ausserhalb
629 1770 694 1804 der
720 1770 828 1805 Stadt
854 1780 916 1814 ge-

166 1818 288 1863 legen,
309 1818 403 1852 wird
423 1818 515 1852 stets
529 1828 575 1851 zu
589 1816 917 1861 Senatssitzungen

165 1865 204 1900 in
244 1864 468 1909 Gegenwart
506 1863 668 1898 fremder
701 1863 916 1898 Gesandten

166 1912 253 1947 oder
277 1910 588 1945 heimkehrender
606 1910 834 1945 Feldherren
853 1910 916 1945 be-

166 1959 283 2002 nutat,
311 1958 359 1992 da
385 1958 487 1992 diese
513 1958 572 1992 die
594 1956 703 1992 stadt
721 1957 825 1992 nicht
849 1956 914 1992 be-

162 2006 289 2040 treten
315 2004 475 2039 durften.
526 2014 555 2039 c.
582 2007 642 2047 38,
671 2008 700 2038 1.

216 2056 247 2087 6.
268 2052 483 2087 salutabant
496 2072 538 2076 —
556 2051 775 2097 contingere]
799 2050 916 2093 „will-

167 2099 341 2134 kommen
367 2098 527 2139 heissen3
555 2118 599 2123 —
627 2097 742 2133 durch
768 2097 916 2132 flande-

167 2145 356 2181 schfitteln
381 2144 624 2191 begrfil'sen“;
662 2144 738 2190 vgl.
766 2144 832 2187 25,
861 2148 915 2188 16,

168 2196 211 2227 13
249 2193 455 2237 praesentis
494 2192 698 2237 continqere
740 2192 914 2226 dextram.

165 2239 226 2283 30,
256 2243 310 2283 12,
339 2243 381 2273 12
408 2239 589 2274 victricem
623 2239 799 2284 attinyere
831 2239 916 2273 dex-

164 2289 270 2321 tram.
305 2285 367 2329 33,
388 2290 444 2331 33,
470 2290 489 2320 2
518 2286 723 2330 contingyere
746 2286 913 2321 dextram

165 2333 399 2377 cupientium.

215 2383 245 2414 7.
266 2379 530 2425 postulassent]
557 2379 651 2422 „den
677 2379 822 2424 Antra-g
847 2389 910 2424 ge-

167 2426 272 2461 stellt
295 2426 460 2468 hatten“,
498 2427 573 2471 vgl.
612 2429 631 2468 ξ
657 2430 677 2460 5
716 2426 840 2460 iussus
878 2438 912 2461 u.

166 2483 194 2508 c.
217 2476 273 2515 45,
301 2476 333 2507 ὅ.

212 2520 355 2562 fortiter
390 2518 624 2564 feliciterque]
663 2519 911 2563 formelhafte,

164 2566 454 2601 allitteriercnde
479 2565 723 2610 Verbindung
749 2578 812 2600 zur
843 2566 912 2600 Be-

165 2613 373 2657 zeichnung
394 2613 458 2647 der
476 2612 704 2657 Leistungen
717 2623 790 2646 von
801 2612 914 2647 Feld-

164 2660 315 2704 herren,
341 2660 416 2705 vgl.
438 2659 504 2703 31,
526 2663 587 2702 20,
610 2662 629 2693 2
658 2669 711 2694 res
735 2659 781 2694 ab
806 2669 843 2693 se
868 2679 912 2684 -—

165 2707 308 2751 fortiter
326 2707 547 2751 feliciterque
562 2709 679 2751 gestas
694 2706 913 2750 exposuisset

163 2754 465 2799 postulassetque‚
496 2756 538 2788 ut
569 2753 812 2797 triumphanti
842 2753 913 2787 sibi

167 2802 288 2837 invehi
314 2802 433 2836 liceret
459 2801 498 2835 in
524 2800 656 2835 urbem.

216 2846 491 2893 administrata]
530 2858 604 2882 von
634 2845 911 2892 kriegerischen

168 2894 418 2939 Operationen
449 2894 592 2940 haufig3
629 2893 704 2939 vgl.
732 2893 772 2938 3,
799 2897 863 2938 42,
892 2897 911 2927 1

984 1206 1100 1240 nihilo
1131 1205 1284 1239 militiae
1324 1215 1432 1249 quam
1473 1203 1570 1238 dom-i
1603 1203 1729 1238 melius

984 1253 1187 1297 respublica
1213 1253 1483 1286 administrata.
1523 1249 1583 1293 30,
1617 1254 1673 1291 41,
1708 1253 1727 1283 9

985 1303 1125 1334 centum
1165 1299 1322 1333 navibus
1364 1299 1480 1343 lonqis
1526 1297 1729 1341 respublica

986 1347 1318 1382 administraretur.

1033 1394 1222 1428 haberetur
1237 1393 1347 1428 honos
1362 1413 1404 1417 —
1420 1391 1731 1436 triumphantibus

988 1462 1030 1466 —
1047 1441 1141 1475 inire
1156 1439 1291 1485 liceret]
1312 1439 1438 1474 beides
1458 1439 1538 1474 sind
1559 1437 1730 1473 offizielle

988 1487 1340 1532 Redewendungen3
1385 1486 1499 1521 durch
1542 1486 1731 1520 haberetur

987 1535 1098 1570 honos
1142 1533 1235 1569 wird
1279 1534 1360 1569 eine
1402 1533 1624 1578 supplicatio
1667 1532 1731 1567 be-

989 1583 1156 1627 antragt3
1183 1581 1257 1626 vgl.
1285 1584 1303 1623 ξ
1331 1585 1361 1616 9.

1036 1633 1069 1664 8.
1094 1639 1129 1664 se
1155 1628 1250 1674 vero]
1283 1638 1364 1663 vero
1389 1627 1512 1662 hinter
1539 1628 1622 1662 dem
1647 1626 1731 1661 Per-

989 1676 1300 1720 sonalpronomen
1325 1675 1406 1710 hier
1430 1687 1511 1709 zum
1537 1674 1732 1708 Ausdruck

988 1723 1053 1758 der
1079 1722 1420 1767 Bereitwilligkeit:
1458 1726 1611 1767 „gern‘·3
1656 1720 1731 1765 vgl.

989 1770 1050 1815 27,
1078 1774 1133 1812 13,
1160 1773 1181 1804 8
1207 1780 1268 1814 eqo
1293 1780 1374 1804 vero
1399 1770 1577 1813 experiar.

1035 1818 1162 1852 ‘merito
1181 1817 1342 1862 deorum]
1370 1827 1458 1859 „aus
1479 1815 1587 1850 Dank
1613 1826 1733 1860 gegen

989 1862 1114 1907 Gottf‘,
1143 1864 1269 1898 merito
1299 1864 1433 1908 gehort
1460 1863 1555 1897 auch
1581 1875 1623 1896 zu
1649 1872 1730 1896 con-

988 1911 1126 1953 sulum3
1154 1910 1228 1954 vgl.
1255 1909 1295 1953 6,
1317 1914 1379 1953 42,
1401 1913 1443 1944 12
1469 1911 1662 1954 meritoque
1687 1930 1730 1934 —

988 1958 1092 1992 deum
1118 1957 1385 1992 inanimalium.
1425 1956 1484 2000 43,
1508 1961 1540 2000 3,
1561 1961 1580 1991 6
1608 1957 1732 1991 merito

982 2005 1117 2049 populi
1142 2004 1314 2039 Romani.
1627 2005 1647 2023 ⁰

1028 2052 1209 2096 primum,
1241 2051 1338 2096 dein]
1378 2050 1416 2084 in
1448 2050 1733 2094 Aufzahlungeu

988 2098 1091 2132 stellt
1098 2097 1176 2132 Liv.
1189 2107 1279 2142 gern
1287 2099 1462 2142 primum,
1470 2097 1733 2141 <le1'ncle(dein),·

981 2146 1116 2190 primo,
1134 2146 1261 2180 deinde
1269 2146 1380 2189 (dein)
1393 2144 1595 2179 chiastisch
1614 2143 1734 2178 neben

988 2192 1180 2235 einander3
1208 2191 1281 2236 vgl.
1303 2192 1369 2233 27,
1390 2196 1451 2233 50,
1475 2196 1514 2225 11
1542 2192 1581 2226 in
1604 2194 1733 2225 senatu

985 2240 1165 2283 primum,
1191 2239 1319 2273 deinde
1346 2240 1382 2272 in
1410 2239 1583 2273 contione.

1036 2289 1068 2320 9.
1091 2287 1313 2320 amborum
1333 2285 1491 2331 nomine]
1513 2284 1671 2329 „beiden
1689 2295 1733 2318 zu

985 2332 1132 2368 Ehrcn“
1167 2333 1213 2367 da
1241 2333 1312 2367 den
1340 2332 1496 2367 Gottern
1519 2331 1734 2376 gegeniiber

986 2379 1068 2414 eine
1089 2379 1300 2424 Scheidung
1319 2380 1384 2414 der
1405 2379 1542 2423 Sieger,
1569 2379 1628 2413 die
1655 2389 1731 2424 ge—

985 2426 1201 2461 meinsam
1238 2437 1311 2462 von
1355 2426 1427 2461 den
1471 2427 1627 2461 Gottern
1670 2426 1733 2460 be-

985 2473 1156 2518 gfinstigt
1169 2484 1303 2517 waren,
1322 2473 1428 2508 nicht
1445 2473 1634 2515 thunlich,
1655 2472 1731 2517 vgl.

985 2520 1052 2564 26,
1080 2524 1140 2563 21,
1168 2524 1188 2555 3
1215 2521 1320 2556 cuius
1354 2521 1506 2555 nomine.
1552 2520 1592 2562 3,
1620 2523 1683 2562 63,
1710 2523 1730 2553 5

986 2568 1173 2602 consulum
1198 2569 1351 2603 nomine.

1032 2615 1215 2659 triumpho
1235 2614 1431 2660 utrique]
1453 2614 1511 2648 die
1533 2613 1648 2648 durch
1663 2613 1730 2647 Be-

986 2659 1183 2706 willigung
1203 2662 1266 2696 des
1284 2661 1503 2706 Triumphes
1518 2660 1732 2705 erfolgende

985 2708 1261 2752 Anerkennung
1311 2707 1406 2742 muss
1458 2707 1731 2752 notwendiger-

984 2753 1095 2788 weise
1124 2754 1274 2798 jedem
1307 2754 1372 2789 der
1402 2754 1605 2788 Feldherrn
1639 2754 1731 2789 ins-

985 2800 1009 2834 b
1019 2810 1038 2835 e
1047 2812 1062 2834 s
1071 2811 1091 2834 ο
1100 2811 1125 2834 n
1134 2801 1157 2834 d
1165 2811 1184 2835 e
1191 2813 1209 2834 r
1219 2812 1237 2836 e
1269 2801 1545 2845 zugesprochen
1570 2800 1730 2836 werden.

1033 2848 1214 2882 communi
1251 2848 1391 2894 animo]
1429 2848 1503 2893 vgl.
1543 2851 1562 2890 ξ
1597 2852 1619 2882 4
1655 2858 1730 2883 uno

986 2895 1107 2930 animo
1114 2908 1126 2937 ;
1148 2895 1229 2930 hier
1249 2895 1349 2931 steht
1363 2897 1559 2931 connnunis
1579 2895 1649 2931 mit
1666 2895 1731 2930 be-

1394 2954 1442 2990 2*
