1953 3278
769 127 985 161 ANHANG.
1576 123 1654 163 111

199 245 236 271 c.
264 235 323 277 13,
350 238 370 269 8
391 234 516 278 plures
542 233 589 277 et]
613 229 736 277 platos
761 243 872 277 usque
895 236 927 268 et
952 234 994 266 Σ.

199 283 246 316 ib.
274 286 294 316 9
320 280 558 325 quacumque]
585 292 657 324 qua
683 280 810 323 cuique
835 282 878 313 Σ.

198 329 245 363 ib.
277 333 319 362 10
343 327 538 371 Romanis}
566 331 597 361 ct
624 327 802 362 Romanis
826 328 868 360 Σ.

198 375 247 411 11).
273 375 450 419 sequentis
475 374 565 418 dic-s]
594 374 814 417 insequentis
839 374 914 407 dies
940 375 983 408 Σ.

199 432 234 457 (³.
263 420 321 464 14,
347 425 368 455 4
394 420 590 465 utrimque]
620 422 778 464 utrisque
806 420 843 454 Ρ.

197 468 245 503 ib.
275 472 295 502 6
322 467 476 512 credita]
503 468 600 502 credi
626 469 668 501 Σ.

198 515 246 549 ib.
278 519 318 549 19
348 516 386 548 in
412 517 488 549 acie
514 513 685 557 hostium]
712 514 752 546 in
777 513 931 546 hostium
957 513 1033 545 acie
1059 513 1100 544 Σ.

197 561 247 597 ib.
273 561 469 606 discedere]
496 562 697 595 discurrere
722 561 764 593 Σ.

198 608 245 642 ib.
273 612 318 642 20
344 612 534 643 armatura
559 610 591 640 et
615 606 748 649 velites]
776 608 968 639 armatura
992 602 1089 650 (ac)
1114 604 1242 638 velites.
1271 602 1344 637 Md.

199 666 234 690 c.
263 655 321 699 15,
353 659 372 689 2
398 655 490 689 vires
516 652 676 697 deficere]
703 653 796 686 vires
821 652 927 686 etiam
953 652 1098 694 deficere
1124 652 1165 684 Σ.

199 701 246 736 ib.
276 707 294 735 3
323 702 428 736 entire.
480 700 528 734 ad
553 699 608 744 id]
635 699 751 741 eceire‚·
776 702 808 733 et
833 699 881 733 ad
908 699 946 732 id
972 699 1013 731 Σ.

200 748 248 783 11).
276 753 296 782 4
322 752 362 782 ut
381 746 506 792 prius]
533 747 587 780 ita
612 750 651 780 ut
672 746 781 790 prius
807 746 848 780 Σ.

199 796 246 831 11).
274 799 294 829 5
320 794 391 839 ita]
418 794 539 837 itaque
564 795 608 826 Σ.

199 843 246 876 ib.
274 840 375 885 nam]
402 840 476 874 iam
504 840 603 874 st.

196 888 245 923 ib.
273 891 292 922 8
325 898 403 922 cum
430 888 624 931 proximus
654 887 801 931 quisque
832 887 963 921 hostem
994 885 1142 930 cederet]
1176 896 1252 919 cum
1284 886 1477 929 praeimus
1512 885 1661 929 quisque

268 935 399 969 hostem
425 934 576 968 caderet.
601 933 674 967 Md.

197 981 245 1016 ib.
275 985 317 1015 10
344 981 547 1025 consistere]
575 981 788 1014 constituere
815 979 950 1014 Duker.

197 1039 232 1063 υ.
261 1028 320 1071 17,
348 1032 367 1061 2
395 1027 443 1073 et]
470 1029 530 1062 sed
554 1026 626 1061 Md.

197 1074 246 1109 ib.
275 1080 294 1110 8
325 1075 457 1110 Poenis
483 1078 601 1109 autem
628 1075 666 1108 in
693 1073 826 1119 Italia]
857 1073 990 1108 Poenis
1015 1074 1055 1107 in
1083 1074 1201 1108 Italia
1228 1075 1269 1107 Σ.

198 1122 245 1156 ib.
277 1125 319 1156 10
344 1132 399 1156 res
425 1125 502 1156 erat
527 1120 696 1166 Africae]
722 1131 777 1155 res
804 1120 955 1163 Africae
980 1124 1067 1155 erat.
1094 1122 1136 1156 Σ.

198 1169 246 1203 ib.
276 1172 316 1202 11
343 1179 418 1202 non
443 1169 548 1202 aliter
568 1168 704 1212 posset]
731 1168 837 1202 aliter
862 1177 935 1202 non
955 1171 1084 1212 posset.
1113 1169 1156 1201 Σ.

199 1224 234 1250 e.
263 1215 322 1257 18,
350 1219 369 1249 3
395 1217 587 1260 quicquam
611 1214 660 1259 se]
687 1225 724 1248 se
748 1215 951 1258 quiequam.
979 1216 1021 1248 Σ.

199 1262 247 1296 11).
276 1266 295 1296 6
323 1262 547 1307 concilia-ret]
575 1262 781 1296 conciliarit
807 1263 851 1295 Σ.

198 1309 247 1343 11).
279 1313 321 1343 10
348 1310 527 1343 traiecisse
551 1309 637 1354 sese]
665 1309 846 1343 traiecisse
871 1311 903 1343 et
928 1309 1106 1343 eomisisse
1129 1319 1200 1343 sese
1225 1310 1268 1343 Σ.

200 1365 235 1390 c.
264 1355 324 1398 19,
351 1360 371 1390 8
398 1359 429 1389 ct
455 1357 494 1390 in
519 1367 619 1390 omne
644 1355 794 1400 tempus]
821 1358 862 1389 ut
887 1355 927 1389 in
953 1366 1053 1390 omne
1078 1359 1223 1399 tempus.
1252 1356 1294 1390 Σ.

200 1403 249 1437 ib.
278 1406 297 1437 9
324 1403 505 1437 dividunt.
552 1402 709 1448 partito]
735 1402 927 1443 dividunt;
949 1403 1164 1447 partitoque.
1193 1404 1235 1436 Σ.

199 1448 248 1484 11).
272 1453 316 1483 10
330 1450 378 1484 ad
392 1450 653 1492 defendendam
669 1450 818 1493 impiyre
831 1449 972 1494 urbem]
988 1450 1036 1483 ad
1047 1450 1306 1491 defendendam
1322 1450 1472 1494 impiyre
1483 1449 1603 1484 urbem
1619 1450 1663 1482 Σ.

199 1496 247 1531 11).
278 1500 318 1530 11
346 1497 586 1531 admonebant
612 1497 720 1542 alios]
747 1497 988 1531 admonebant
1013 1495 1135 1542 (alii)
1162 1498 1253 1531 alios
1279 1496 1351 1531 Md.

200 1543 249 1578 ib.
279 1547 320 1577 13
347 1554 455 1587 super
481 1543 614 1589 animi]
640 1554 756 1587 supra
782 1544 907 1577 animi.
931 1543 958 1588 j.
987 1543 1121 1578 Hdsch.

199 1590 248 1625 ib.
276 1591 422 1632 adsunt,
442 1590 714 1636 puynantibus]
742 1591 888 1632 adsunt,
908 1591 1232 1635 propuqnantibus
1252 1592 1295 1624 Σ.

199 1637 247 1672 ib.
277 1640 319 1671 14
345 1638 476 1672 ultima
499 1638 661 1672 omnium
686 1637 884 1683 supplicia]
911 1638 1042 1672 ultima
1068 1638 1234 1672 omnibus
1257 1638 1442 1682 supplicia
1467 1639 1510 1671 Σ.

200 1683 250 1719 11).
280 1688 322 1718 15
345 1685 484 1728 proelio
510 1685 724 1730 trepidaret]
748 1685 887 1728 proelio
912 1685 1118 1728 trepidarit.
1145 1687 1189 1719 Σ.

199 1731 247 1766 ib.
278 1735 320 1765 16
346 1732 454 1766 vanis
478 1732 684 1777 conatibus]
712 1732 817 1766 vanis
843 1735 894 1766 tot
919 1732 1108 1766 conatibus
1133 1733 1176 1767 Σ.

199 1777 250 1812 11).
279 1782 319 1812 17
348 1778 500 1813 Laelius
524 1778 666 1824 instat]
695 1778 846 1813 Laelius
870 1779 1016 1813 institit.
1043 1780 1086 1812 Σ.

201 1834 237 1860 e.
264 1825 324 1869 20,
354 1830 371 1859 1
398 1826 634 1861 subeuntibus
660 1825 802 1870 contra]
829 1826 1067 1860 subeuntibus
1094 1827 1136 1859 Σ.

201 1872 251 1907 11).
278 1876 298 1906 2
325 1872 430 1918 quae]
458 1873 544 1917 quia
570 1874 614 1907 Σ.
673 1895 680 1902 ,

202 1918 252 1953 ib.
280 1923 301 1953 4
320 1920 437 1963 primi
461 1920 656 1965 sequentis]
679 1920 796 1963 primi
822 1920 1041 1964 insequentis
1068 1921 1110 1953 Σ.

202 1965 251 2000 11).
279 1968 299 2000 5
325 1967 388 2010 qui
410 1966 612 2012 praeirent]
639 1967 703 2011 qui
725 1978 814 2010 prae
839 1977 875 2001 se
900 1968 994 2001 irent
1019 1968 1060 2000 Σ.

202 2012 250 2048 ib.
279 2016 298 2047 9
325 2013 468 2058 deinde]
496 2014 580 2048 inde
606 2015 648 2047 Σ.

205 2069 239 2095 c.
267 2058 329 2103 21,
357 2064 376 2093 6
402 2071 509 2104 quam
535 2059 636 2095 Idem
661 2061 855 2106 vocabant]
883 2071 992 2105 quam
1018 2061 1120 2096 Ibem
1145 2061 1334 2096 vocabant.

202 2106 251 2142 ib.
281 2110 298 2140 7
325 2108 444 2141 maior
469 2111 545 2141 erat
572 2108 702 2153 aetate]
729 2108 846 2142 maior
872 2111 987 2142 aetate
1012 2111 1089 2142 erat
1115 2109 1158 2142 Σ.

201 2153 251 2188 ib.
281 2157 323 2187 10
337 2164 409 2197 pro
430 2155 535 2198 copia
554 2153 641 2200 <et>
649 2154 889 2200 provinciali]
908 2165 977 2199 pro
993 2156 1099 2199 copia
1107 2154 1341 2199 provinciali.
1359 2154 1463 2199 j.Hd.
1479 2165 1512 2189 u.
1530 2154 1666 2189 Duker.

204 2210 239 2235 e.
266 2199 326 2243 22,
352 2205 374 2234 4
400 2201 672 2246 interfecerunt]
698 2202 954 2244 interfecerant
980 2203 1020 2236 Σ.

202 2247 251 2282 11).
278 2251 298 2281 6
325 2248 429 2292 liqna
453 2248 641 2293 eoetruunt]
669 2249 772 2293 liyna
797 2249 895 2283 cirea
919 2253 1103 2284 extruunt.
1127 2249 1155 2294 j.
1181 2248 1251 2284 Hd.

203 2294 252 2328 ib.
281 2297 324 2328 10
344 2296 515 2338 peritura
540 2295 668 2341 essent]
694 2296 861 2339 peritura
885 2297 1014 2339 forent.
1042 2298 1082 2330 Σ.

203 2340 252 2375 11).
281 2344 322 2374 11
350 2341 489 2385 inqenti
514 2343 686 2387 tumultu]
714 2344 853 2387 inqenti
877 2353 957 2377 eum
982 2344 1140 2378 tumultu
1166 2344 1207 2376 Σ.

204 2387 253 2422 11).
282 2391 324 2421 12
357 2399 465 2431 quam
495 2392 536 2423 ut
566 2390 687 2434 eqredi
716 2390 847 2424 obsessi
883 2391 1066 2425 moenibus
1105 2390 1295 2434 auderent]
1335 2400 1443 2433 quam
1474 2400 1518 2424 ne
1549 2390 1669 2434 eyredi

278 2435 461 2469 moenibus
486 2435 668 2471 auderent.
695 2435 769 2470 Md.
789 2449 823 2471 u.
845 2438 888 2471 Σ.

207 2492 240 2515 υ.
268 2480 328 2523 23,
357 2485 374 2513 1
402 2482 456 2515 vis
481 2485 513 2515 et
537 2483 691 2526 impetus
714 2484 795 2518 iure
820 2483 917 2528 belli]
945 2484 1051 2526 furor
1076 2484 1156 2518 iure
1182 2485 1272 2519 belli.
1300 2484 1326 2518 F
1330 2484 1354 2518 f.

207 2528 255 2562 ib.
283 2527 448 2572 edebant]
475 2529 598 2563 edebat
622 2528 661 2563 P.

206 2575 255 2609 ib.
283 2578 304 2608 4
332 2575 557 2620 interfluens]
584 2576 820 2620 interfulgens
846 2579 888 2610 Σ.

206 2622 256 2656 11).
283 2624 431 2665 urgente
456 2621 580 2666 turba]
607 2626 755 2667 uryente
779 2624 824 2657 ab
850 2627 947 2667 teryo
974 2625 1111 2668 inyenti
1135 2625 1244 2659 turba
1270 2626 1312 2657 Σ.

208 2678 243 2703 e.
270 2667 331 2711 24,
359 2672 375 2701 1
404 2669 518 2702 insita
543 2669 726 2703 hominum
752 2670 918 2714 libidine]
945 2671 1060 2704 insita
1084 2671 1290 2705 hominibus
1316 2670 1478 2704 libidine.
1505 2671 1548 2704 Σ.

206 2716 256 2750 ib.
284 2719 304 2749 9
330 2715 499 2749 instituto
525 2718 590 2749 aut
615 2716 829 2761 disciplina]
857 2717 1023 2751 instituto
1049 2728 1091 2751 ac
1115 2717 1314 2760 disciplina
1340 2718 1382 2751 Σ.

208 2762 256 2797 ib.
288 2766 328 2795 11
356 2763 452 2796 ultro
477 2762 550 2796 sibi
574 2762 807 2807 imperantes]
835 2764 930 2797 ultro
957 2764 1029 2807 ipsi
1054 2765 1270 2807 imperantes
1295 2765 1338 2797 Σ.

210 2818 245 2844 c.
272 2807 333 2851 25,
360 2812 380 2842 3
406 2812 568 2852 stupente
593 2810 648 2843 ita
672 2809 860 2854 sed-itimze]
886 2811 1045 2854 stupenti
1069 2812 1122 2844 ita
1147 2811 1318 2845 seditioni
1343 2811 1386 2843 Σ.

209 2855 257 2890 ib.
284 2855 427 2890 tribuni
451 2856 607 2890 militum
633 2859 772 2900 septem,
799 2858 862 2900 qui
887 2855 926 2876 *²¹²
946 2857 991 2892 ab
1016 2858 1095 2901 ipso
1115 2857 1284 2901 Scipione
1308 2856 1408 2901 sunt]
1436 2857 1577 2892 tribuni
1602 2858 1670 2891 mi-

281 2903 386 2937 litum
411 2906 539 2947 septem
566 2903 611 2937 ab
637 2904 716 2947 ipso
741 2903 908 2948 Scipione
934 2905 1035 2939 missi
1058 2908 1348 2949 supervenerunt.
1375 2906 1419 2938 Σ.
