1953 3278
226 121 313 162 120
899 120 1115 156 ANHANG.

228 237 259 261 c.
285 230 341 269 30,
368 231 390 260 4
416 227 645 271 pabulatum.
705 226 738 269 7,
771 230 827 269 31,
863 230 904 260 12
930 226 1160 270 praedatum.
1219 238 1248 261 e.
1277 231 1332 270 37,
1365 231 1384 262 8
1417 230 1639 273 caploratum
1673 243 1705 267 u.
1743 236 1786 267 10

226 271 526 316 frumentatum!
550 273 582 313 8,
612 277 642 315 7,
674 277 690 306 1
722 273 958 316 eaploratum.
1009 272 1044 314 9,
1071 276 1126 314 31,
1156 277 1174 306 7
1196 275 1425 317 praedatum.
1477 287 1505 310 c.
1533 281 1589 319 36,
1616 281 1636 311 2
1662 288 1785 322 specu-

228 321 351 355 latum.
411 321 468 360 10,
496 323 528 361 3,
557 324 576 354 6
597 319 826 362 pabulatum.
879 330 907 355 c.
938 323 990 360 19,
1021 322 1063 352 14
1084 320 1311 363 pabulatum.
1363 332 1392 356 c.
1419 326 1474 365 20,
1501 327 1522 358 8
1547 325 1783 367 ermon-atum.

229 367 288 409 10,
316 371 371 409 25,
399 371 418 400 6
445 367 634 410 liquatum.
685 377 714 400 c.
743 369 799 407 31,
827 370 846 400 2
868 367 1098 410 praedatum.
1129 387 1168 391 —
1197 366 1258 409 31,
1285 371 1341 409 33,
1368 372 1388 402 6
1414 369 1672 411 frumentatum
1701 384 1734 407 u.
1762 376 1785 407 8

227 415 460 458 speculatum.
512 412 571 455 31,
593 416 649 456 42,
670 416 689 447 2
716 417 900 457 aquatum.
952 412 1012 455 32,
1036 417 1090 455 15,
1111 417 1131 447 5
1157 414 1428 455 frumentatum.
1479 416 1539 460 33,
1560 421 1592 460 6,
1613 421 1633 452 2
1660 430 1784 462 specu—

230 461 352 495 latum.
404 459 464 502 33,
493 463 524 502 7,
551 463 572 493 4
605 461 840 505 erploratum.
893 472 921 494 e.
951 464 981 502 7,
1009 462 1029 494 8
1059 461 1285 504 pabulatum.
1337 460 1397 504 34,
1426 466 1478 503 13,
1505 466 1524 497 2
1552 466 1783 508 praedatum.

229 518 256 540 c.
288 510 341 549 19,
369 510 389 540 9
411 507 640 550 praedatum.
686 518 714 541 c.
744 511 798 550 26,
820 510 840 542 8
866 508 1137 550 frumentatum.
1188 506 1248 548 35,
1275 511 1306 549 4,
1334 511 1353 541 2
1375 510 1602 552 praedatum.
1644 523 1672 547 c.
1701 517 1733 555 4,
1761 517 1782 547 5

227 553 463 597 exploratum.
505 565 533 588 c.
556 558 611 596 51,
633 558 652 588 3
680 555 859 597 liynatum
874 554 1169 598 pabulatumque.
1221 554 1280 595 37,
1307 558 1362 597 34,
1391 559 1410 589 6
1437 556 1669 599 exploratum.
1723 559 1784 602 38,

229 604 283 643 15,
320 604 361 634 10
387 601 618 644 praedatum.
669 600 730 641 40,
758 605 812 644 20,
840 606 860 636 3
886 601 1108 645 speculatum
1133 602 1425 646 inquisitumque.
1477 614 1507 637 c.
1535 607 1590 646 25,
1617 609 1637 639 2
1663 616 1785 649 specu-

227 648 342 681 latum
369 660 400 681 u.
429 652 450 682 4
471 648 688 691 pabulatum
716 649 972 693 lz'ynatumque.
1031 659 1059 682 e.
1088 652 1143 691 30,
1170 653 1191 682 4
1217 649 1440 692 speculatura
1465 661 1498 685 u.
1526 654 1545 684 9
1569 652 1786 695 pabulatum

226 698 257 729 et
284 694 473 739 liquatum.
524 694 584 738 43,
614 700 667 738 10,
695 700 714 729 3
741 697 987 739 eiqsloratunu-
1014 695 1122 730 meist
1149 696 1245 730 ohne
1272 695 1418 741 Objekt.

323 741 373 775 Zu
400 750 433 776 c.
464 741 497 786 7,
524 746 567 775 6:
606 743 641 785 a)
670 742 804 777 Irreale
825 741 1051 787 Hypothesis
1078 742 1146 776 mit
1173 742 1435 778 Htilfsverbum
1456 754 1577 788 posse:
1605 744 1664 788 24,
1686 750 1742 787 42,
1764 750 1784 781 3

226 788 268 821 -ni
295 788 576 829 intervenissent,
598 809 640 813 —
663 793 783 823 eastra
810 791 892 833 capi
915 790 1109 833 potuerint.
1150 790 1185 834 6,
1215 793 1267 831 11,
1294 794 1315 824 4
1341 792 1549 835 recuperari
1563 793 1692 836 patria
1713 803 1788 828 non

225 835 395 879 potuerit,
423 855 465 859 -—
493 836 567 869 nisi
592 847 662 869 cir-„v
687 840 828 870 serrata
855 840 950 870 esset.
999 836 1033 877 8,
1061 841 1116 878 30,
1143 841 1163 871 5
1196 847 1264 881 quo
1289 838 1322 871 si
1348 839 1511 881 affuisset
1537 840 1706 882 dictator,
1729 851 1786 876 res

226 882 353 916 melius
377 883 454 927 ρει-ι’
474 883 646 926 potuerit.
697 882 757 925 32,
785 886 839 925 28,
868 887 887 917 6
915 887 966 924 ut,
993 884 1024 917 si
1049 883 1189 925 fuisset,
1209 886 1371 927 potuerit
1396 886 1571 920 debellare
1596 888 1670 930 (ri).
1722 887 1784 930 36,

228 932 284 973 29,
313 933 329 962 1
358 933 396 963 ut
429 929 461 963 si
486 930 525 963 in
548 940 640 973 pace
664 930 804 972 suisset,
838 950 879 954 —
914 930 1091 965 concitari
1117 931 1306 974 potuerint
1331 932 1379 966 ad
1405 933 1541 967 bellum.
1594 933 1653 977 42,
1681 937 1735 975 66,
1766 938 1787 970 8

227 979 268 1009 ut
298 977 330 1009 si
364 977 516 1010 insecuti
547 979 676 1018 essent,
708 988 843 1021 mayna
875 977 993 1011 clades
1024 978 1143 1021 accipi
1169 978 1339 1021 potuerit.
1391 977 1450 1022 43,
1477 983 1509 1021 4,
1538 984 1553 1013 1
1583 984 1635 1023 ut,
1660 982 1694 1015 si
1719 981 1786 1016 ad-

226 1026 342 1057 motus
367 1043 413 1047 -—
439 1024 616 1058 exercitus
646 1024 750 1065 foret,
781 1044 826 1048 —
859 1028 979 1058 castra
1011 1025 1096 1067 capi
1122 1025 1319 1068 potuerint.
1377 1024 1437 1066 44,
1471 1030 1503 1067 4,
1537 1031 1556 1060 9
1589 1031 1647 1069 ut,
1677 1029 1710 1062 si
1743 1049 1786 1053 —

227 1070 425 1112 habuisset,
458 1082 593 1116 mayna
618 1071 736 1105 clades
768 1072 886 1116 accipi
915 1072 1086 1115 potuerit,
1118 1083 1151 1105 u.
1179 1083 1205 1105 s.
1232 1072 1275 1114 f.;
1308 1074 1399 1106 stets
1433 1072 1492 1106 bei
1519 1074 1704 1117 passivem
1731 1075 1790 1109 In-

227 1117 359 1151 finitiv.

323 1165 360 1207 b)
388 1163 492 1199 Ohne
518 1164 797 1199 Htilfsverbum:
831 1164 889 1207 28,
920 1169 973 1207 16,
1001 1168 1018 1198 2
1048 1168 1099 1206 ut,
1124 1165 1156 1199 si
1183 1185 1226 1190 —
1252 1166 1379 1208 issent,
1405 1167 1614 1201 adsecuturi
1636 1168 1788 1210 fuerint.

227 1210 287 1253 24,
315 1215 370 1254 26,
399 1214 418 1245 5
445 1212 478 1245 si
501 1232 540 1236 -—-
557 1213 825 1256 processissent,
848 1233 889 1236 —
914 1213 978 1246 illa
998 1212 1113 1254 fuerit
1132 1216 1342 1257 reynatura.
1382 1213 1441 1256 26,
1471 1217 1523 1257 10,
1552 1218 1570 1248 7
1591 1217 1630 1248 ut
1653 1235 1690 1240 -
1715 1216 1790 1250 nisi

225 1258 382 1300 fuissent
413 1259 576 1301 effusura
606 1269 641 1292 se
666 1259 788 1301 fuerit.
841 1269 869 1292 c.
904 1262 959 1301 26,
988 1263 1006 1293 7
1040 1262 1080 1293 ut
1111 1260 1152 1293 ni
1181 1260 1413 1297 simularent.
1453 1281 1495 1285 —
1529 1262 1604 1304 ipse
1634 1262 1791 1297 datm-us

226 1306 348 1347 fuerit.
389 1317 418 1339 c.
447 1309 502 1349 31,
532 1310 548 1339 1
576 1310 616 1340 ut
641 1307 673 1340 si
693 1307 932 1350 ambiyeretur
954 1327 994 1331 —
1017 1307 1182 1341 dicturus
1207 1308 1348 1348 fuerim.
1389 1318 1418 1342 c.
1443 1312 1498 1348 44,
1526 1312 1547 1341 4
1573 1312 1626 1351 ut,
1650 1310 1725 1343 nisi
1745 1330 1790 1335 —

227 1353 419 1395 cecidisset,
446 1373 488 1378 —
515 1354 701 1397 irrupturi
725 1355 838 1396 fuisse
862 1354 1089 1397 viderentur,-
1114 1366 1146 1388 u.
1176 1354 1229 1388 oft
1255 1354 1325 1388 wie
1351 1354 1597 1399 gewbhnlich.

323 1398 374 1434 Zu
400 1409 434 1435 c.
463 1399 497 1443 8,
527 1404 567 1434 11
596 1404 743 1444 praeter
782 1404 912 1435 terram
940 1401 1119 1435 Atticam:
1157 1412 1185 1435 c.
1215 1405 1270 1444 23,
1299 1405 1317 1436 7
1350 1413 1392 1436 esc
1423 1402 1557 1444 Africa
1594 1413 1668 1437 ora..
1729 1403 1814 1447 25,⁴

229 1450 259 1489 7,
287 1451 308 1480 4
336 1448 375 1481 in
401 1450 499 1482 terra
525 1447 653 1482 Italia.
697 1447 756 1491 29,
785 1452 815 1491 5,
843 1451 860 1482 6
889 1449 926 1481 in
948 1448 1107 1491 finitima
1128 1451 1225 1483 terra
1244 1448 1413 1483 Etruria.
1455 1448 1515 1492 29,
1545 1453 1598 1492 10,
1626 1453 1646 1484 5
1674 1453 1792 1485 terrae

227 1494 372 1528 Italiae.
415 1506 443 1529 c.
466 1498 521 1536 23,
553 1498 594 1528 10
615 1505 686 1538 pro
706 1498 803 1529 terra
824 1495 968 1537 Africa.
1019 1494 1078 1536 30,
1107 1499 1162 1538 32,
1191 1499 1210 1530 6
1237 1497 1274 1529 in
1297 1499 1393 1530 terra
1414 1496 1540 1531 Italia.
1586 1496 1646 1541 31,
1667 1501 1723 1538 25,
1747 1501 1787 1531 11

226 1542 267 1575 in
292 1541 455 1575 Atticam
480 1545 624 1576 terram.
671 1553 699 1576 c.
722 1546 776 1584 26,
800 1546 854 1575 11.
899 1553 928 1576 e.
951 1546 1006 1585 30,
1028 1545 1048 1576 8
1069 1546 1200 1577 terram
1221 1543 1392 1577 Atticam.
1443 1542 1503 1586 32,
1527 1548 1580 1586 17,
1601 1548 1620 1578 3
1645 1545 1791 1579 Atticae

228 1591 343 1623 terrae
368 1590 678 1633 promunturium.
730 1600 759 1624 c.
787 1593 844 1631 21,
870 1594 912 1623 21
948 1591 985 1623 in
1020 1593 1117 1624 terra
1150 1591 1285 1624 Attica.
1340 1590 1401 1633 33,
1434 1596 1467 1633 6,
1497 1595 1536 1624 11
1572 1591 1791 1626 Pharsaliae

227 1639 352 1670 terrae.
395 1647 423 1670 c.
450 1639 504 1679 14,
528 1639 569 1670 10
590 1635 840 1681 Stymphaliae
858 1640 985 1671 terrae.
1025 1636 1086 1681 37,
1109 1640 1163 1680 10,
1185 1641 1204 1672 6
1229 1636 1476 1672 Panhormum
1497 1637 1641 1673 Samiae
1661 1643 1790 1674 terrae.

228 1681 288 1725 38,
315 1685 372 1726 34,
401 1686 418 1716 1
446 1686 544 1717 terra
570 1682 767 1718 Laconica.
819 1683 878 1726 39,
909 1687 962 1727 17,
991 1687 1009 1717 2
1044 1687 1146 1718 extra
1174 1687 1305 1719 terram
1333 1685 1496 1719 Italiam.
1547 1684 1608 1729 45,
1635 1689 1666 1728 4,
1694 1689 1714 1719 2
1741 1686 1791 1720 ad

228 1729 336 1764 Siras
361 1733 478 1764 terrae
506 1729 771 1765 Odomanticae.

323 1777 375 1810 Zu
401 1786 435 1812 c.
463 1776 522 1818 12,
550 1781 588 1811 6:
623 1777 656 1819 1,
683 1781 739 1820 49,
766 1781 787 1811 4
819 1779 914 1812 nihil
939 1779 1014 1821 spei
1040 1779 1235 1822 reponenti.
1286 1778 1319 1821 2,
1347 1782 1404 1821 39,
1433 1783 1449 1812 1
1484 1780 1525 1813 in
1550 1789 1618 1822 quo
1645 1798 1688 1804 —
1714 1780 1792 1822 spei

229 1825 434 1868 repositum.
498 1824 532 1868 2,
570 1827 626 1867 39,
660 1828 691 1859 8.
756 1824 790 1866 3,
824 1829 880 1869 38,
914 1828 933 1859 3
971 1836 1067 1869 spem
1107 1827 1145 1859 in
1182 1826 1366 1860 discordia
1404 1825 1574 1860 Romana
1605 1830 1791 1870 ponentes.

229 1882 256 1905 c.
284 1874 341 1914 39,
370 1875 412 1905 10
442 1882 484 1906 ne
511 1871 663 1905 nimium
688 1872 765 1915 spei
790 1873 830 1906 in
856 1876 947 1907 metu
977 1873 1095 1907 alieno
1115 1875 1301 1917 ponerent.
1354 1883 1382 1907 c.
1411 1876 1467 1916 53,
1495 1876 1515 1908 3
1541 1873 1629 1917 plus
1662 1893 1705 1897 —
1737 1884 1807 1920 reg

224 1918 318 1962 poni
335 1919 422 1962 spei.
475 1929 503 1952 c.
533 1921 587 1962 56,
618 1923 660 1953 10
680 1919 775 1953 nihil
793 1920 869 1963 spei
888 1919 1016 1953 habere
1035 1920 1085 1954 in.
1137 1931 1165 1954 0.
1194 1923 1250 1963 65,
1277 1923 1297 1954 9
1320 1920 1372 1954 ita
1391 1920 1431 1954 in
1452 1920 1642 1954 tribunatu
1656 1930 1792 1965 ponere

228 1965 372 2009 aliquid
395 1966 481 2009 spei.
534 1964 568 2009 8,
596 1969 652 2008 30,
679 1970 699 1999 4
726 1968 849 2000 omma
874 1967 912 2000 in
941 1967 1116 2001 dictatore
1139 1968 1308 2011 reposita.
1361 1966 1420 2010 24,
1447 1970 1503 2009 37,
1531 1971 1550 2001 3
1575 1967 1660 2011 plus
1685 1987 1728 1992 -
1749 1968 1792 2002 in

227 2012 298 2054 fide
323 2011 530 2047 Siculorum
556 2017 748 2057 reponeret.
801 2013 859 2056 26,
888 2017 944 2056 40,
971 2018 991 2047 3
1017 2025 1114 2057 spem
1138 2015 1333 2058 repositam
1357 2014 1545 2049 habebant.
1597 2014 1657 2057 27,
1683 2017 1741 2056 45,
1768 2018 1788 2049 7

228 2060 422 2104 repositam
441 2070 513 2094 esse
533 2060 589 2103 (in
609 2061 745 2104 armis).
785 2072 815 2095 c.
843 2064 899 2104 48,
927 2065 947 2095 6
966 2071 1062 2104 spem
1081 2061 1232 2096 habebat
1251 2062 1293 2095 in
1312 2082 1368 2095 —.
1408 2061 1468 2105 28,
1491 2065 1545 2105 12,
1566 2065 1597 2096 6.
1639 2072 1668 2096 c.
1693 2065 1747 2104 13,
1768 2065 1790 2095 2

231 2107 270 2140 in
295 2106 343 2141 iis
368 2109 511 2141 tantum
529 2107 664 2141 virium
684 2108 903 2151 ponendum.
942 2119 971 2142 e.
994 2110 1049 2151 34,
1074 2112 1104 2144 6.
1144 2108 1204 2152 30,
1228 2112 1280 2152 16,
1302 2112 1323 2142 2
1343 2108 1432 2153 plus
1450 2109 1527 2153 spei
1544 2111 1788 2152 reposuerant.

228 2163 257 2187 c.
285 2156 342 2197 23,
369 2157 389 2188 6
416 2154 456 2187 in
481 2164 519 2187 eo
535 2154 692 2198 positam
714 2175 756 2179 -
778 2155 945 2189 habuisse
964 2165 1059 2199 spem
1075 2156 1190 2199 pacis.
1242 2167 1271 2190 c.
1300 2158 1356 2198 35,
1384 2159 1403 2189 6
1429 2155 1470 2189 in
1494 2165 1564 2200 quo
1584 2155 1790 2199 plurimum

227 2201 303 2245 spei
322 2203 508 2244 ponerent.
559 2199 620 2244 34,
649 2205 702 2243 14,
729 2205 751 2235 4
776 2202 817 2235 in
843 2202 974 2236 virtute
999 2213 1093 2246 spem
1108 2204 1268 2246 positam
1287 2203 1424 2237 habere.
1475 2201 1536 2246 35,
1563 2205 1619 2244 38,
1649 2205 1666 2235 1
1695 2202 1791 2236 nihil

226 2257 381 2292 usquam
405 2249 482 2292 spei
506 2248 581 2282 nisi
605 2249 647 2282 in
669 2249 761 2292 fuya
784 2249 985 2292 ponebant;
1010 2261 1044 2283 u.
1072 2261 1098 2283 s.
1125 2261 1168 2284 W.

323 2294 374 2328 zu
400 2303 436 2330 c.
464 2294 523 2337 12,
550 2297 596 2329 8:
635 2295 669 2338 2,
696 2299 753 2338 27,
782 2300 797 2329 1
832 2296 945 2330 insita
976 2296 1147 2340 superbia
1179 2296 1311 2330 animo.
1363 2308 1391 2330 c.
1420 2300 1476 2339 41,
1503 2300 1523 2330 9
1550 2298 1701 2340 propter
1731 2306 1790 2330 su-

228 2341 423 2386 spicimzem
457 2342 615 2377 insitam.
668 2354 696 2376 c.
731 2346 788 2385 49,
823 2347 864 2376 12
898 2343 943 2377 ab
976 2344 1089 2378 insita
1120 2343 1254 2378 animis
1287 2343 1438 2378 levitate.
1489 2342 1522 2386 6,
1558 2345 1611 2386 18,
1653 2347 1696 2377 10
1727 2353 1792 2378 nec

227 2392 365 2423 natura
385 2389 484 2423 vobis
503 2389 654 2423 insitum
673 2393 732 2424 est.
772 2389 807 2432 9,
828 2393 885 2432 29,
906 2393 927 2424 8
947 2390 1021 2424 iam
1041 2390 1125 2425 inde
1145 2391 1351 2434 antiquitus
1369 2391 1519 2424 insitam
1536 2389 1788 2434 pertinaciam.

228 2434 289 2479 22,
316 2439 348 2478 3,
375 2439 397 2469 4
423 2436 572 2470 insitam
592 2436 737 2480 inqenio
757 2437 833 2471 eius
852 2438 1093 2472 temeritatem.
1133 2436 1194 2481 23,
1216 2441 1269 2479 14,
1294 2441 1309 2470 1
1338 2438 1488 2472 insitam
1514 2437 1790 2471 industriam

227 2483 373 2517 animis.
423 2482 482 2525 27,
512 2487 543 2524 1,
571 2486 590 2516 5
616 2484 874 2529 neyleyentiam
894 2484 1043 2519 insitam
1062 2485 1208 2529 inqenio
1227 2485 1341 2520 ducis
1392 2483 1452 2526 28,
1482 2487 1536 2527 12,
1562 2487 1583 2518 8
1601 2493 1676 2518 mos
1700 2483 1791 2518 vitio

227 2530 371 2564 insitus.
423 2541 452 2564 c.
481 2533 537 2573 21,
565 2534 585 2564 3
612 2531 745 2565 insitae
768 2532 867 2576 yenti
893 2532 1048 2566 virtutis.
1101 2542 1130 2566 c,
1158 2535 1213 2574 24,
1245 2536 1259 2565 1
1289 2532 1405 2566 insita
1423 2532 1607 2566 hominum
1625 2531 1788 2565 libidine.

229 2575 290 2620 29,
317 2579 373 2621 21,
402 2580 443 2610 11
476 2581 615 2611 natura
648 2577 798 2612 insitum
830 2579 1046 2622 quibusdam
1079 2589 1158 2614 esse.
1209 2578 1269 2622 30,
1296 2582 1353 2622 32,
1381 2583 1398 2613 7
1426 2579 1539 2613 insita
1571 2577 1687 2612 animi
1705 2587 1790 2621 per-

226 2623 330 2666 fidia.
381 2634 410 2659 c.
445 2627 502 2666 33,
535 2627 555 2658 9
595 2625 705 2659 insito
743 2625 782 2658 in
816 2625 1000 2660 Romanos
1038 2626 1131 2660 odio.
1182 2624 1242 2669 33,
1277 2629 1330 2669 16,
1363 2629 1384 2659 2
1418 2625 1506 2668 fides
1536 2625 1650 2659 insita
1679 2625 1788 2668 yenti.

228 2681 257 2704 e.
292 2674 348 2714 32,
383 2674 401 2704 1
440 2672 636 2715 spectaculi
660 2672 823 2706 studium
852 2673 1003 2707 insitum
1027 2673 1135 2717 qenti.
1187 2671 1247 2714 34,
1273 2675 1329 2715 20,
1357 2675 1377 2706 2
1402 2673 1517 2707 insita
1540 2671 1677 2715 feritas.
1727 2670 1790 2714 37,

228 2721 285 2760 54,
312 2721 354 2752 21
381 2721 520 2753 natura
544 2719 669 2754 insita.
721 2718 783 2762 38,
811 2722 866 2763 10,
893 2723 913 2754 5
940 2720 1055 2754 insita
1078 2721 1195 2764 yentis
1226 2720 1503 2764 tranquillitate.
1554 2728 1583 2752 ο.
1611 2721 1667 2761 48,
1696 2721 1739 2752 11
1765 2729 1790 2752 a

227 2765 373 2806 feritate
391 2765 515 2800 insita.
567 2765 627 2809 42,
655 2769 712 2809 39,
739 2770 759 2799 3
786 2777 876 2801 eura
895 2767 1009 2801 insita
1028 2767 1252 2801 mortalibus.
1304 2777 1333 2800 c.
1360 2770 1416 2808 46,
1443 2770 1464 2800 9
1489 2766 1613 2808 favore
1633 2765 1791 2809 quodam

229 2812 340 2846 insito
359 2813 397 2845 in
425 2822 533 2856 νέρθε.
585 2823 613 2847 e.
642 2816 697 2855 62,
726 2816 745 2847 7
772 2814 887 2848 insita
905 2814 1127 2858 pertinacia.
1178 2812 1238 2855 44,
1266 2816 1322 2855 30,
1349 2816 1369 2847 5
1397 2813 1602 2848 violentiam
1627 2812 1787 2847 insitam.

323 2858 374 2892 Zu
401 2868 437 2893 c.
465 2858 523 2902 12,
553 2862 610 2893 12:
639 2859 673 2903 3,
703 2864 733 2903 1,
760 2864 781 2894 4
807 2861 919 2895 ductu
946 2860 986 2895 et
1013 2861 1187 2904 auspicio.
1230 2871 1260 2894 c.
1290 2863 1342 2903 17,
1371 2862 1391 2893 2
1417 2860 1528 2894 ductu
1554 2858 1593 2893 et
1612 2859 1789 2903 auspicio.
