1953 3278
185 681 227 713 10
254 670 474 712 sollicitus.

251 156 307 197 98
748 152 891 186 LIBER
917 151 1082 186 xxvln.
1127 151 1230 186 CAP.
1256 155 1312 186 43.

1646 167 1672 184 a.
1695 167 1723 185 u.
1745 160 1811 185 549.

205 274 225 303 8
251 263 364 304 bona
397 262 529 302 veni-51
551 264 625 300 tua
657 259 834 299 dixerim
871 282 942 311 —-,
974 258 1009 298 si
1041 258 1221 311 possim,
1253 258 1380 299 etiam
1409 272 1651 312 exuperare.
1701 257 1809 299 illud

251 335 328 363 nec
371 320 449 361 tibi
489 320 534 360 in
572 332 638 358 me
682 331 759 358 nec
803 316 909 357 mihi
953 316 999 356 in
1042 316 1278 357 minoribus
1321 319 1424 358 natu
1470 317 1599 358 animi
1645 316 1717 370 sit,
1762 319 1811 358 ut

252 380 436 421 nolimus
470 390 726 430 quemquam
752 375 888 416 nostri
915 375 1096 416 similem
1125 374 1302 415 evadere
1329 375 1479 430 civem,
1511 375 1553 416 id
1583 375 1695 416 enim
1721 389 1810 416 non

254 451 397 479 eorum
436 435 580 488 modo,
619 435 772 489 quibus
809 433 1105 486 inviderimus,
1150 433 1223 474 sed
1260 433 1322 474 rei
1359 433 1553 487 publicae
1594 436 1636 475 et
1675 448 1809 488 paene

206 508 224 538 9
253 495 390 537 omnis
423 494 591 548 generis
615 493 793 534 humani
821 492 1124 534 detrimentum
1157 492 1224 533 sit.

1282 494 1646 546 commemoravit,
1679 507 1810 547 quan-

251 557 344 594 tum
377 567 513 594 essem
540 552 717 606 periculi
746 551 949 604 aditurus,
982 551 1018 592 si
1044 551 1087 592 in
1113 550 1304 592 Africam
1330 550 1565 605 traicerem,
1597 554 1644 592 ut
1670 565 1810 593 ineam

254 625 439 666 quoque,
477 625 564 652 non
598 611 738 652 solum
769 611 830 652 rei
869 610 1064 664 publicae
1103 613 1146 651 et
1178 609 1386 650 exercitus
1424 609 1559 650 vicem
1598 610 1812 652 videretur

537 670 647 711 unde
679 670 785 711 haec
816 671 988 723 repente
1022 669 1071 709 de
1104 682 1171 709 me
1197 683 1298 709 cura
1325 667 1501 709 exorta?
1564 682 1659 709 cum
1691 672 1812 723 pater

253 731 516 783 patruusque
554 743 672 769 meus
710 727 942 780 interfecti,
987 742 1081 769 cum
1121 728 1204 769 duo
1244 727 1454 769 exercitus
1494 741 1640 768 eorum
1678 741 1811 780 prope

255 787 472 829 occidione
505 787 633 828 occisi
665 790 818 839 essent,
851 800 946 827 cum
979 786 1162 828 amissae
1194 785 1444 840 Hispaniae,
1478 800 1573 826 cum
1607 788 1813 840 quattuor

255 846 462 887 exercitus
493 845 735 887 Poenorum
774 848 1059 899 quattuorque
1099 845 1225 886 duces
1265 845 1407 886 omnia
1446 847 1562 885 metu
1600 844 1813 899 armisque

185 918 226 947 11
254 907 460 958 tenerent,
488 919 583 945 cum
610 903 827 958 quaesitus
855 903 907 944 ad
933 903 976 943 id
1003 904 1162 945 bellum
1189 904 1422 957 imperator
1446 917 1572 944 nemo
1600 917 1644 944 se
1673 905 1814 945 osten-

256 964 374 1005 deret
405 965 574 1017 praeter
606 977 686 1016 me,
717 976 843 1003 nemo
870 962 1064 1016 profiteri
1091 976 1247 1003 nomen
1275 976 1402 1003 ausus
1431 965 1554 1015 esset,
1587 976 1682 1003 cum
1708 962 1816 1003 mihi

256 1024 460 1075 quattuor
499 1025 540 1063 et
578 1021 731 1076 viginti
777 1035 910 1062 annos
950 1023 1050 1061 nato
1097 1020 1322 1061 detulisset
1364 1021 1589 1074 imperium
1633 1021 1817 1075 populus

190 1093 229 1123 12
256 1080 481 1122 Romanus
514 1105 568 1110 —
603 1080 702 1134 quid
734 1080 797 1121 ita
828 1083 919 1120 tum
945 1094 1071 1121 nemo
1105 1081 1290 1120 aetatem
1317 1093 1468 1132 meam,
1499 1080 1584 1120 vim
1614 1080 1819 1134 hostium,

257 1139 554 1181 difficultatem
581 1139 694 1192 belli,
720 1139 856 1193 patris
884 1138 1108 1193 patruique
1134 1140 1348 1180 recentem
1375 1138 1538 1179 cladem
1560 1152 1813 1179 commemo-

258 1199 411 1240 rabat?
452 1202 595 1239 utrum
635 1198 770 1239 maior
803 1197 947 1250 aliqua
979 1211 1090 1238 nunc
1129 1198 1173 1238 in
1206 1197 1352 1238 Africa
1384 1197 1606 1238 calamitas
1641 1199 1816 1251 accepta

190 1269 232 1300 13
260 1260 338 1311 est,
370 1271 497 1312 quam
530 1259 632 1298 tunc
664 1257 709 1297 in
734 1255 949 1310 Hispania
976 1256 1097 1297 erat?
1131 1271 1185 1296 an
1214 1256 1398 1297 maiores
1431 1270 1543 1296 nunc
1577 1258 1677 1297 sunt
1704 1270 1821 1297 exer-

260 1316 368 1357 citus
401 1316 444 1356 in
472 1315 620 1357 Africa
652 1318 695 1356 et
727 1315 854 1356 duces
887 1315 1031 1368 plures
1058 1315 1351 1368 melioresque,
1384 1329 1511 1369 quam
1543 1317 1643 1356 tunc
1676 1315 1717 1356 in
1744 1314 1820 1356 Hi-

309 1459 338 1489 7.
367 1455 460 1490 bona
485 1455 592 1489 venia
618 1457 683 1489 tua
713 1454 884 1499 dixerim]
913 1454 1005 1497 „mit

261 1502 388 1536 deiner
415 1501 569 1546 gfitigen
590 1500 785 1535 Erlaubnis
806 1501 858 1535 sei
880 1512 917 1535 es
943 1512 1003 1545 ge-

261 1550 386 1594 sagt“,
413 1549 559 1584 Formel
584 1548 648 1583 der
670 1548 1004 1592 Entschuldigung,

262 1595 321 1631 die
348 1596 428 1630 hier
447 1596 552 1630 nicht
571 1595 667 1629 ohne
688 1595 809 1630 Ironie
835 1595 901 1637 ist3
928 1596 1002 1639 vgl.

262 1643 328 1687 ⁶29,
358 1647 417 1685 17,
445 1648 464 1677 6
492 1653 572 1677 cum
598 1643 693 1677 bona
717 1643 836 1685 venia,
862 1652 1005 1686 quaeso,

262 1690 435 1725 audiatis.
481 1690 541 1733 29,
571 1694 601 1733 1,
629 1693 647 1723 7
675 1700 754 1724 cum
781 1690 874 1724 bova
900 1689 1006 1724 venia

262 1748 297 1771 sc
323 1738 546 1772 auditurum.

310 1799 341 1831 8.
369 1796 410 1829 in
435 1795 636 1830 minoribus
664 1795 768 1840 natu]
796 1795 878 1838 „bei
906 1795 1008 1839 (oder

262 1843 395 1888 gegen)
417 1841 613 1887 Jfingcre.“
651 1846 743 1877 natu
762 1843 812 1877 ist
832 1854 875 1876 zu
894 1843 1007 1877 mino-

265 1890 367 1924 ribus
398 1888 670 1934 hinzugesetzt,
704 1890 752 1923 da.
777 1889 835 1924 die
861 1889 1008 1934 Jugend

264 1936 315 1970 im
346 1935 553 1981 Gegensatz
586 1948 666 1970 zum
699 1937 804 1971 Alter
834 1936 886 1970 im
923 1936 1007 1970 all-

265 1984 501 2028 gemeinen
527 1984 743 2018 bezeichnet
756 1983 903 2018 werden
925 1982 1007 2027 soll,

265 2031 340 2074 vgl.
370 2041 398 2065 c.
427 2034 483 2073 21,
511 2031 568 2065 8f.

313 2078 460 2112 evadere
503 2078 626 2121 civem]
674 2077 892 2120 „werden“,
938 2088 1009 2112 von

265 2123 368 2166 dem,
394 2135 470 2158 was
495 2135 582 2158 man
609 2124 678 2158 mit
703 2124 815 2159 Mfihe
842 2124 915 2158 und
941 2124 1008 2159 all-

265 2170 429 2205 m'zihlich
475 2170 654 2213 erreicht;
705 2171 778 2215 vgl.
813 2171 855 2214 1,
890 2176 933 2206 39
947 2199 955 2214 ,
988 2175 1008 2205 4

268 2219 407 2252 iuvenis
433 2219 543 2253 evasit
569 2230 647 2253 vere
672 2219 806 2253 indolis
832 2220 960 2264 regiae.

313 2276 790 2321 9—16.Widerlegung
810 2288 894 2311 von
909 2288 938 2311 e.
952 2280 1008 2318 42,

266 2322 342 2357 3ff.
396 2324 479 2357 Der
512 2323 649 2368 Kricg
680 2325 724 2357 in
756 2323 917 2358 Afrika
950 2324 1010 2358 ist

265 2369 391 2404 nicht
420 2370 733 2414 gefi'rhrlicher
765 2370 832 2405 als
866 2371 941 2404 der
968 2370 1011 2404 in

267 2417 476 2461 Spanien.
510 2417 694 2452 Parallele
715 2417 780 2451 der
799 2417 1011 2461 bisherigen

267 2464 619 2509 Unternehmungen
635 2464 673 2498 in
683 2464 845 2508 Spanien
860 2465 928 2499 mit
940 2465 1011 2499 den

267 2511 578 2556 beabsichtigten.

316 2573 347 2603 9.
361 2570 661 2615 commemoravit]
677 2569 751 2614 vgl.
767 2574 785 2612 ἓ
800 2574 829 2603 2.
854 2581 881 2604 c.
896 2574 953 2611 41,
969 2574 1008 2603 12

267 2616 356 2661 quid
369 2616 388 2650 22
434 2617 593 2660 periculi
641 2618 785 2651 tandem
834 2620 1011 2661 quantum

268 2664 423 2698 adeatur
448 2675 549 2707 quem
574 2664 699 2706 fallit?

318 2726 370 2756 10.
398 2723 580 2757 occidione
605 2723 728 2767 occisa]
759 2734 820 2756 zur
839 2721 1012 2757 Bezeich—

268 2780 370 2813 nung
395 2769 665 2814 vollst'imdiger
694 2769 917 2814 Niederlage
950 2770 1012 2804 be—

270 2815 382 2850 liebte
410 2815 690 2860 Paronomasie,
721 2817 818 2850 nach
851 2816 919 2850 Art
950 2816 1014 2850 der

269 2863 390 2906 tiyura
433 2864 668 2908 ctymoloyica
711 2863 894 2909 gebildet3
940 2863 1013 2907 vgl.

271 2909 387 2943 odisse
406 2910 500 2952 odio,
526 2911 693 2945 auctibus
713 2921 855 2954 auqere,
881 2913 1016 2945 certare

1077 1454 1270 1488 certamine
1301 1466 1333 1487 u.
1362 1465 1412 1496 a.;
1444 1454 1518 1498 vgl.
1546 1454 1586 1497 2,
1620 1458 1681 1497 51,
1715 1458 1745 1488 9.
1785 1454 1821 1498 3,

1080 1505 1132 1544 10,
1163 1505 1216 1535 11.
1247 1505 1308 1543 28,
1336 1505 1367 1535 9.
1407 1500 1445 1543 4,
1474 1505 1535 1543 58,
1563 1504 1595 1536 9.
1631 1501 1670 1544 9,
1699 1504 1760 1544 38,
1787 1505 1819 1536 3.

1078 1553 1139 1592 44,
1170 1552 1221 1582 12.
1251 1548 1317 1591 10,
1345 1552 1405 1591 39,
1435 1552 1488 1582 13.
1516 1548 1580 1591 22,
1609 1552 1670 1592 54,
1698 1553 1728 1583 7.
1760 1548 1821 1592 30,

1126 1643 1249 1677 onmia
1286 1646 1379 1676 metu
1423 1643 1602 1686 armisque
1647 1643 1821 1688 tenerent]

1079 1701 1164 1724 man
1185 1690 1359 1723 erwartet
1384 1687 1443 1723 die
1463 1689 1706 1733 umgekehrte
1728 1689 1823 1724 Stel-

1081 1737 1187 1781 lung:
1240 1736 1355 1770 durch
1406 1735 1650 1770 militarische
1693 1735 1823 1771 Macht

1081 1784 1220 1827 (amnis)
1246 1783 1321 1817 und
1353 1782 1468 1818 durch
1497 1782 1556 1817 die
1583 1783 1698 1818 davor
1723 1783 1823 1818 herr-

1081 1830 1240 1865 schende
1265 1829 1414 1864 Furcht.

1132 1882 1184 1911 11.
1201 1877 1368 1921 profiteri
1387 1877 1528 1921 nomen]
1554 1877 1656 1921 „sich
1677 1877 1823 1912 melden

1080 1924 1142 1959 bei
1161 1925 1230 1959 den
1246 1923 1436 1966 Beamten,
1458 1923 1583 1959 seinen
1597 1924 1741 1959 Namen
1760 1936 1825 1958 zur

1080 1971 1313 2016 Eintragung
1345 1970 1382 2004 in
1410 1970 1468 2005 die
1496 1971 1824 2006 Kandidatenliste

1081 2018 1290 2063 angeben“3
1323 2018 1398 2062 vgl.
1426 2018 1485 2059 26,
1514 2022 1568 2062 18,
1589 2022 1609 2053 5
1637 2022 1677 2052 ut
1702 2020 1765 2063 qui
1790 2029 1825 2053 se

1082 2070 1183 2101 tanto
1209 2066 1358 2110 imperio
1384 2066 1512 2109 diyozos
1538 2066 1734 2107 crederent,
1761 2076 1823 2100 no-

1080 2114 1183 2147 mina
1203 2113 1472 2157 profiterentur.

1129 2163 1301 2205 quattuor
1333 2162 1364 2193 ct
1395 2160 1528 2204 viginti
1564 2169 1680 2193 aomos
1718 2159 1821 2205 nato]

1084 2209 1206 2251 „erst
1232 2212 1277 2241 24
1297 2206 1410 2241 Jahre
1437 2206 1529 2248 alt“;
1556 2206 1630 2249 vgl.
1657 2217 1686 2240 c.
1717 2210 1776 2249 15,
1803 2211 1824 2241 3

1083 2255 1128 2289 ab
1154 2255 1305 2298 septima
1330 2254 1493 2287 demum
1517 2254 1617 2288 hora.

1132 2305 1185 2335 12.
1207 2301 1296 2344 quid
1316 2300 1385 2345 ita]
1408 2311 1481 2344 erg.
1497 2303 1537 2334 ut
1556 2301 1709 2342 fecisti33
1732 2301 1826 2335 stets

1083 2348 1121 2382 in
1146 2347 1474 2392 missbilligendem
1502 2347 1630 2390 Sinne;
1662 2347 1737 2392 vgl.
1764 2347 1825 2391 27,

1083 2398 1145 2437 34,
1180 2399 1221 2429 13
1254 2396 1287 2429 si
1319 2396 1439 2429 virum
1477 2395 1609 2429 bonum
1646 2395 1826 2437 ducerent,

1084 2442 1172 2486 quid
1204 2442 1256 2476 ita
1286 2453 1358 2486 pro
1390 2442 1485 2476 mulo
1517 2453 1560 2476 ac
1590 2442 1700 2476 ‘noxio
1726 2442 1826 2477 dam—

1085 2488 1257 2523 nassent?
1285 2500 1318 2524 u.
1341 2492 1372 2522 ὃ.

1131 2540 1253 2570 utrum
1289 2557 1328 2560 —
1364 2547 1414 2570 an
1446 2557 1489 2561 —
1523 2547 1573 2570 cm
1599 2556 1642 2560 —
1669 2535 1734 2581 an]
1768 2535 1828 2569 die

1084 2582 1341 2627 Erweiterung
1378 2584 1442 2618 der
1472 2581 1722 2627 Doppelfrage
1759 2581 1829 2616 mit

1084 2633 1207 2664 utrum
1246 2651 1290 2655 -
1330 2641 1376 2664 cm
1417 2630 1482 2664 auf
1523 2629 1600 2664 drei
1636 2629 1711 2664 und
1749 2628 1827 2663 vier

1085 2676 1234 2711 Glieder
1259 2678 1309 2711 ist
1327 2677 1450 2712 nichts
1464 2676 1641 2718 Seltenes,
1662 2677 1827 2711 nament—

1086 2723 1160 2758 lich
1182 2735 1288 2759 wenn
1306 2724 1409 2769 jedes
1429 2734 1521 2758 neue
1542 2722 1649 2758 Glied
1669 2735 1737 2757 nur
1755 2733 1827 2757 von

1087 2771 1229 2806 einem
1257 2771 1388 2806 Worte
1421 2770 1587 2815 gebildet
1611 2768 1718 2811 wird;
1752 2770 1827 2813 vgl.

1088 2829 1117 2852 c.
1146 2822 1203 2861 28,
1232 2822 1273 2852 15
1300 2822 1423 2852 utrum
1448 2817 1623 2852 exercitus
1655 2818 1829 2851 eccm-citui

1088 2877 1138 2900 an
1175 2866 1280 2900 duces
1317 2865 1470 2899 ducibus
1502 2875 1551 2897 cm
1585 2864 1747 2908 diynitas
1779 2875 1830 2898 αη

1089 2922 1202 2947 causa
1227 2912 1434 2956 comparari
1455 2913 1609 2955 poterat.
