1953 3278
132 177 160 195 u.
180 169 230 195 ch.
250 168 311 194 206.

129 266 415 310 consciscunt.

625 155 767 190 LIBER
793 155 955 191 XXVIII.
1000 155 1101 191 CAP.
1129 159 1184 190 22.
1622 155 1678 197 49

475 265 613 306 locum
641 265 683 305 in
710 264 802 306 foro
829 263 1058 318 destinant,
1089 277 1171 318 quo
1204 263 1514 318 pretiosissima
1539 277 1679 304 rerum
1706 275 1726 305 6

136 339 306 368 suarum
337 326 629 378 congererent;
663 337 788 377 super
819 337 914 364 eum
952 322 1165 364 cumulum
1197 322 1397 377 coniuges
1437 336 1484 364 ac
1522 321 1679 363 liberos

129 383 354 426 considere
388 396 480 423 cum
507 382 743 435 iussissent,
774 381 893 435 ligna
919 382 1029 422 circa
1056 383 1258 422 extruunt
1281 381 1499 435 fascesque
1525 381 1681 435 virgul-

134 446 274 484 torum
307 441 535 483 coniciunt.

597 440 905 495 quinquaginta
934 440 1081 480 deinde
1110 440 1286 480 armatis
1313 439 1535 480 iuvenibus
1563 453 1679 494 prae·
1707 450 1726 481 7

133 501 310 555 cipiunt,
341 503 399 554 ut,
433 500 564 541 donec
591 500 776 540 incertus
803 501 976 538 eventus
1003 511 1171 552 pugnae
1198 500 1320 550 esset,
1347 498 1605 551 praesidium
1632 512 1680 540 eo

135 559 229 601 loco
267 559 533 600 fortunarum
573 571 743 598 suarum
782 570 1104 610 corporumque,
1150 569 1255 610 quae
1294 557 1457 597 cariora
1495 557 1679 599 fortunis

134 621 288 671 essent,
321 619 555 669 servarent;
588 616 624 656 si
656 629 743 656 rem
775 614 1024 655 inclinatam
1056 614 1247 655 viderent
1279 616 1404 668 atque
1437 615 1479 655 in
1512 629 1560 656 eo
1593 617 1678 657 iam
1706 628 1726 658 8

132 691 238 729 esse,
269 680 318 718 ut
343 677 443 717 urbs
470 676 700 728 caperetur,
733 673 899 725 scirent,
927 673 1076 725 omnis,
1103 687 1209 727 quos
1236 673 1374 714 euntis
1401 673 1445 714 in
1471 674 1679 728 proelium

135 738 373 788 cernerent,
411 736 591 775 mortem
629 732 672 772 in
710 731 804 785 ipsa
840 744 983 786 pugna
1016 731 1229 785 obituros;
1268 732 1364 773 illos
1398 746 1442 773 se
1473 747 1548 786 per
1581 733 1680 775 deos
1708 745 1727 775 9

132 809 313 849 ‘superos
345 792 584 845 inferosque
618 804 757 844 orare,
788 792 836 830 ut
867 804 1075 831 memores
1108 790 1336 843 libertatis,
1369 805 1478 845 quae
1511 791 1583 832 illo
1617 792 1682 833 die

136 856 209 895 aut
246 854 380 893 morte
418 850 601 892 honesta
639 852 712 890 aut
749 849 952 890 servitute
989 849 1139 890 infami
1178 848 1366 890 finienda
1403 853 1533 904 esset,
1576 850 1682 891 nihil

134 911 438 965 relinquerent,
487 908 532 949 in
577 907 689 962 quod
733 908 892 949 saevire
936 908 1070 949 iratus
1114 908 1252 949 hostis
1295 912 1452 962 posset.

130 970 359 1024 ignemque
390 968 431 1009 in
466 967 665 1008 manibus
698 981 808 1021 esse3
850 967 1011 1008 amicae
1044 981 1091 1008 ac
1123 967 1269 1008 fideles
1302 967 1443 1020 potius
1477 981 1542 1021 ea,
1575 982 1682 1022 quae

133 1028 323 1082 peritura
354 1026 512 1079 forent,
546 1026 818 1067 absumerent
849 1040 1017 1079 manuS,
1051 1041 1177 1080 quam
1209 1026 1466 1067 insultarent
1499 1026 1683 1081 superbo

132 1085 315 1127 ludibrio
348 1085 498 1127 hostis.

559 1085 627 1126 his
660 1084 1033 1126 adhortationibus
1067 1085 1278 1126 execratio
1311 1085 1403 1126 dira
1435 1085 1616 1139 adiecta,
1648 1086 1683 1127 si
1713 1097 1753 1127 11

129 1159 257 1199 quem
296 1159 321 1185 a
358 1144 578 1198 proposito
618 1157 714 1197 spes
752 1143 985 1185 mollitiave
1024 1143 1156 1184 animi
1193 1143 1391 1185 flexisset.

1452 1144 1548 1185 inde
1586 1158 1684 1186 con·

134 1204 268 1245 citato
296 1203 468 1259 agmine
494 1203 738 1256 patentibus
765 1202 901 1256 portis
928 1202 1094 1257 ingenti
1121 1217 1215 1243 cum
1240 1203 1427 1244 tumultu
1448 1205 1684 1257 erumpunt.

133 1276 268 1317 neque
301 1265 392 1303 erat
423 1261 510 1302 ulla
543 1261 646 1302 satis
678 1261 799 1301 firma
831 1261 960 1302 statio
994 1262 1210 1315 opposita,
1251 1262 1349 1316 quia
1386 1261 1493 1302 nihil
1530 1263 1685 1316 minus,
1714 1274 1754 1304 12

135 1335 263 1375 quam
296 1335 349 1362 ne
381 1320 523 1375 egredi
556 1319 778 1361 moenibus
806 1319 1020 1373 auderent,
1051 1321 1191 1360 timeri
1218 1322 1399 1374 poterat.
1448 1335 1684 1375 perpaucae

135 1380 325 1434 equitum
355 1381 520 1420 turmae
552 1379 739 1434 levisque
773 1382 989 1420 armatura
1020 1381 1195 1433 repente
1229 1393 1250 1419 e
1280 1379 1431 1420 castris
1465 1379 1517 1420 ad
1548 1379 1589 1421 id
1622 1380 1683 1434 ip-

135 1453 229 1480 sum
261 1438 417 1480 emissa
449 1438 642 1479 occurrit.

182 1600 422 1645 consciscunt]
449 1599 527 1634 dies
547 1599 710 1635 Verbum
730 1600 873 1635 verbin-

134 1646 199 1681 det
222 1645 300 1681 Liv.
329 1649 432 1681 sonst
457 1648 548 1681 stets
579 1647 648 1681 mit
673 1647 784 1682 Dativ
810 1647 874 1682 der

135 1694 286 1737 Person,
306 1693 532 1729 namentlich
550 1698 705 1736 mortem,
725 1695 874 1729 exilium

132 1741 204 1775 sibi
247 1742 476 1782 conscz'scere3
522 1740 617 1776 ohne
654 1740 766 1776 Dativ
811 1741 874 1776 der

135 1787 272 1823 Person
297 1787 357 1830 33,
378 1792 435 1832 29,
463 1793 479 1822 1
510 1788 740 1832 Zeuxippum
766 1808 809 1813 ——
835 1789 875 1823 id

134 1835 282 1877 facinus
306 1836 489 1870 conscisse.
528 1835 612 1878 Vgl.
640 1836 673 1869 d.
701 1836 796 1870 Anh.

185 1885 216 1916 6.
241 1892 444 1926 supereum
470 1882 664 1927 cumulum]
693 1882 783 1927 „auf
804 1882 875 1916 den

137 1939 177 1963 so
199 1929 467 1964 entstandenen
486 1928 672 1971 Haufen“;
700 1942 744 1963 zu
768 1940 876 1974 super

136 1975 210 2020 vgl.
238 1986 267 2011 c.
297 1979 358 2019 12,
387 1979 429 2010 15
455 1977 507 2011 ibi
531 1986 638 2020 super
663 1987 805 2021 campos
832 1996 874 2002 —

137 2023 378 2057 considerant.

188 2073 218 2104 7.
239 2070 468 2113 praesidium
502 2091 543 2095 —
575 2070 772 2116 seri-arent]
800 2070 875 2114 „sie

137 2116 273 2151 sollten
304 2116 444 2151 Wache
478 2117 605 2152 halten
637 2118 767 2159 iiber“;
800 2117 874 2162 vgl.

138 2163 331 2198 servabant
355 2164 501 2209 viyilias
527 2164 585 2207 34,
607 2168 639 2206 9,
660 2168 691 2199 6.
721 2164 781 2207 33,
801 2168 833 2207 4,
855 2168 874 2199 2

136 2211 357 2255 neqleyenter
382 2212 564 2246 custodias
588 2216 794 2247 servassent.

185 2260 217 2293 8.
254 2258 287 2292 si
328 2269 401 2293 rem
442 2259 659 2293 inclinatam
699 2259 874 2304 viderent]

140 2315 270 2348 „wenn
307 2305 359 2339 sie
397 2306 463 2340 das
496 2304 651 2340 Grefecht
682 2304 762 2340 sich
796 2318 877 2340 zum

139 2349 313 2385 Nachteil
326 2352 479 2386 wenden
494 2353 647 2395 s'ahen“;
668 2353 740 2398 vgl.
751 2364 781 2388 c.
793 2357 846 2396 15,
858 2357 876 2387 'l

141 2397 207 2432 ubi
231 2398 445 2432 inclinatam
469 2410 605 2434 sensere
629 2411 710 2435 rem.

188 2447 219 2478 9.
256 2455 321 2487 per
357 2445 438 2479 deos
475 2456 620 2490 superos
657 2447 875 2493 inferosque]

140 2491 217 2525 dies
255 2491 315 2526 die
359 2491 613 2535 gewohnliche
650 2494 758 2529 Form
802 2495 879 2528 und

139 2537 355 2582 Einteilung
374 2538 438 2573 der
458 2538 691 2582 Gottheiten3
712 2540 771 2582 24,
787 2544 843 2584 38,
857 2545 877 2576 8

141 2584 311 2629 dagegen
342 2587 464 2629 superi
495 2587 716 2631 infernique
747 2588 804 2631 di,
846 2588 878 2631 1,

139 2635 202 2674 32,
237 2635 280 2667 10
312 2633 458 2667 werden
490 2634 667 2676 caelestes,
701 2637 879 2669 terrestres

140 2678 215 2713 und
239 2679 391 2722 inferni
415 2679 646 2724 geschieden.

187 2726 282 2760 nihil
313 2727 568 2773 relinquerent]
595 2727 670 2772 vgl.
696 2727 760 2762 das
789 2728 878 2762 ahu-

141 2772 238 2806 liche
264 2773 468 2808 Verfahren
493 2774 558 2816 21,
588 2778 629 2808 14
661 2785 733 2809 von
765 2775 880 2810 seiten

139 2818 206 2854 der
233 2819 463 2865 Saguntiner,
489 2822 563 2855 und
589 2821 654 2864 31,
684 2825 737 2863 17,
764 2825 878 2856 5-11

144 2866 207 2901 der
232 2867 438 2912 Abydener,
463 2879 520 2903 wo
541 2868 675 2913 jedoch
703 2868 767 2903 das
788 2869 879 2903 Vor-

143 2912 221 2947 bild
254 2913 318 2948 der
344 2914 565 2960 Saguntiner
597 2916 710 2951 schon
741 2916 879 2960 sprich—

215 2978 272 3004 Tit.
293 2979 360 3005 Liv.
389 2980 422 3005 Β.
437 2980 478 3005 23.

706 1437 842 1480 acrior
873 1438 1035 1492 impetu
1067 1440 1194 1492 atque
1227 1438 1378 1479 animis
1412 1452 1538 1492 quam
1572 1453 1681 1480 com·
1714 1451 1753 1481 13

946 1599 1116 1635 wortlich
1135 1600 1200 1635 ist:
1222 1601 1270 1635 ad
1284 1601 1529 1647 Saguntinam
1548 1602 1684 1637 rabiem

946 1658 1048 1682 versi.

996 1698 1048 1729 10.
1083 1705 1174 1739 quae
1206 1696 1374 1739 peritura
1411 1696 1545 1739 forent]
1585 1708 1685 1740 „was

947 1741 1030 1776 dem
1046 1741 1281 1786 Untergange
1294 1742 1474 1778 versallen
1494 1743 1587 1786 sei“;
1609 1744 1685 1788 vgl.

946 1788 1006 1831 25,
1019 1792 1051 1831 6,
1066 1793 1085 1823 9
1098 1790 1220 1834 utique
1232 1790 1440 1832 morituros;
1457 1811 1499 1815 —
1511 1803 1553 1824 zu
1567 1792 1687 1833 forent

946 1834 1045 1870 beim
1069 1835 1167 1870 Part.
1191 1837 1313 1870 Futur.
1335 1854 1379 1864 =
1399 1841 1510 1872 essent
1529 1838 1602 1882 vgl.
1625 1837 1685 1881 22,

947 1886 1009 1927 57,
1036 1886 1056 1917 5
1089 1895 1267 1927 quaenam
1296 1884 1427 1927 futura
1457 1885 1544 1927 finis
1574 1886 1687 1920 tantis

947 1930 1111 1965 cladibus
1135 1931 1228 1973 foret
1251 1943 1284 1965 u.
1312 1941 1344 1965 ο.

997 1980 1050 2011 11.
1083 1978 1260 2012 execratio
1297 1978 1381 2012 dira
1419 1978 1575 2024 adiecta]
1612 1979 1686 2023 vgl.

948 2023 1014 2058 das
1046 2023 1247 2059 Verhalten
1279 2024 1344 2059 der
1372 2025 1594 2060 Akarnanen
1626 2025 1685 2070 26,

949 2074 1006 2113 25,
1030 2075 1070 2105 12
1097 2072 1217 2106 diram
1243 2073 1501 2107 execrationem
1527 2093 1569 2097 ——
1596 2083 1687 2108 com-

945 2122 1161 2162 posuerunt3
1189 2119 1253 2153 der
1274 2118 1464 2154 Samniten
1486 2119 1543 2162 10,
1566 2123 1622 2163 38,
1645 2124 1688 2155 10

949 2166 1028 2200 diro
1055 2166 1224 2208 carmine,
1249 2167 1291 2201 in
1313 2167 1570 2201 execrationem
1589 2169 1689 2212 capi-

949 2213 996 2247 tis
1022 2213 1255 2257 familiaeque
1279 2217 1311 2248 et
1334 2214 1461 2257 stirpis
1485 2216 1689 2259 composito.

996 2260 1136 2304 inqenti
1173 2271 1252 2294 cum
1289 2261 1462 2306 tumultu]
1497 2261 1535 2295 in
1570 2261 1690 2296 dieser

949 2305 1189 2352 Verbindung
1208 2307 1324 2352 pflegt
1339 2308 1418 2344 Liv.
1432 2308 1502 2342 mit
1521 2309 1689 2353 wenigen

950 2354 1188 2389 Ausnahmen
1213 2355 1271 2388 die
1297 2354 1532 2399 Praposition
1559 2354 1687 2390 hinzu—

951 2402 1134 2443 zusetzen,
1157 2401 1229 2446 vgl.
1242 2401 1302 2444 27,
1319 2405 1372 2444 15,
1392 2406 1433 2436 14
1453 2413 1531 2437 cum
1550 2404 1690 2448 inqenti

951 2449 1118 2483 tumultu.

1002 2499 1053 2529 12.
1080 2496 1174 2530 nihil
1202 2496 1324 2530 minus
1353 2507 1461 2541 quam
1486 2498 1545 2542 ne]
1574 2497 1689 2540 „alles

951 2542 1085 2577 andere
1111 2543 1199 2577 cher
1224 2543 1315 2585 als“,
1341 2544 1421 2578 eine
1448 2544 1509 2578 bei
1527 2543 1605 2578 Liv.
1626 2544 1689 2579 be-

950 2589 1064 2623 ]iebte
1090 2589 1304 2634 Wendung3
1331 2591 1403 2634 vgl.
1425 2591 1465 2633 3,
1490 2595 1527 2633 3,
1549 2595 1568 2625 2
1596 2591 1690 2625 nihil

952 2637 1087 2678 minus,
1121 2647 1229 2681 quam
1254 2648 1298 2671 ne
1323 2657 1366 2662 —-
1392 2638 1549 2672 obsessus
1579 2638 1690 2673 hostis

950 2693 1079 2717 memor
1120 2684 1374 2727 populationis
1417 2687 1520 2727 esset,
1572 2685 1691 2719 timeri

945 2733 1105 2773 poterat;
1131 2729 1191 2771 24,
1210 2734 1265 2773 35,
1280 2734 1300 2764 9
1320 2731 1414 2765 nihil
1434 2732 1553 2766 minus
1572 2735 1689 2775 ratus,

951 2787 1058 2820 quam
1089 2796 1127 2801 —-
1152 2777 1238 2818 fore.

1001 2826 1053 2856 13.
1089 2824 1209 2858 aer-ior
1234 2844 1277 2848 —
1303 2835 1410 2868 quam
1443 2825 1686 2871 compositior]

952 2870 1076 2904 ordine
1102 2870 1174 2905 ullo
1200 2874 1296 2905 ware
1322 2883 1364 2905 zu
1390 2871 1607 2915 entbehren,
1641 2872 1689 2907 da

952 2917 1165 2962 compositus
1191 2917 1400 2963 (Gegenteil
1434 2919 1690 2964 incompositus

1525 908 1684 950 ferrum
1714 920 1754 951 10
