1953 3278
232 143 288 184 20
727 141 872 177 LIBER
897 141 1065 177 XXVIII.
1117 141 1219 177 CAP.
1246 148 1278 178 9.

1636 161 1661 179 a.
1683 162 1711 180 u.
1731 154 1782 181 547
1789 174 1796 181 .

166 262 207 292 10
234 251 500 306 triumphum
528 252 788 304 separarent,
814 249 876 290 ita
896 249 1109 302 convenit,
1135 252 1194 303 ut,
1219 251 1420 304 quoniam
1440 254 1482 292 et
1508 252 1553 293 in
1572 252 1794 306 provincia

161 556 202 584 11

160 671 202 702 12

160 907 200 937 13

160 1023 203 1054 14

158 1142 201 1172 15

232 309 287 351 M.
308 310 417 351 Livii
449 323 516 349 res
550 311 672 362 gesta
704 309 836 361 esset,
868 310 912 348 et
943 321 992 350 eo
1025 308 1110 361 die,
1151 321 1235 362 quo
1268 313 1504 363 pugnatum
1535 310 1664 365 foret,
1703 311 1792 352 eius

232 364 342 410 fo'rte
375 367 614 420 auspicium
640 366 805 419 fuisset,
837 369 881 407 et
906 366 1114 408 exereitus
1138 365 1342 407 Livianus
1375 367 1580 410 deductus
1608 368 1792 411 Romam

232 427 430 478 venisset,
451 424 637 466 Neronis
659 425 810 467 deduci
830 424 881 465 de
901 425 1121 479 provincia
1140 439 1227 466 non
1246 425 1469 480 potuisset,
1488 430 1536 468 ut
1547 426 1603 469 M,
1620 427 1788 470 Livium

232 484 450 539 quadrigis
472 484 620 525 urbem
647 485 869 525 ineuntem
889 484 1048 525 milites
1073 486 1361 538 sequerentur,
1388 482 1432 525 C.
1453 483 1657 528 Claudius
1679 501 1786 541 equo

234 544 322 584 sine
351 542 559 584 militibus
586 543 873 585 inveheretur.
917 543 979 584 ita
1005 542 1276 584 consociatus
1303 542 1544 596 triumphus
1571 559 1666 586 cum
1687 546 1789 586 utri-

230 615 321 656 que,
347 604 440 642 tum
459 602 597 657 magis
619 602 668 656 ei,
695 602 780 657 qui,
807 604 1014 656 quantum
1034 601 1186 644 merito
1208 601 1412 653 anteibat,
1437 604 1606 644 tantum
1625 603 1787 645 honore

231 660 435 715 conlegae
473 664 680 715 cesserat,
721 661 903 715 gloriam
942 661 1072 702 auxit.
1135 660 1255 701 illum
1288 660 1473 714 equitem
1513 661 1685 702 aiebant
1717 676 1791 703 sex

231 719 394 760 dierum
427 720 567 773 spatio
601 720 907 761 transcurrisse
937 719 1250 774 longitudinem
1276 718 1429 760 Italiae
1461 722 1503 760 et
1529 733 1578 760 eo
1605 719 1671 760 die
1697 734 1792 761 oum

229 777 501 819 Hasdrubale
533 779 578 819 in
606 778 746 820 Gallia
779 778 913 833 signis
946 778 1130 820 conlatis
1157 791 1383 832 pugnasse,
1417 792 1500 831 quo
1528 792 1624 819 eum
1651 781 1794 820 castra

229 836 432 877 adversus
478 851 570 878 sese
611 838 656 878 in
694 837 854 891 Apulia
891 837 1032 890 posita
1070 836 1226 877 habere
1264 835 1483 878 Hannibal
1522 836 1794 879 credidisset:

229 896 291 936 ita
329 910 461 936 unum
501 896 723 938 consulem
761 910 839 949 pro
877 897 1058 949 utraque
1097 898 1218 949 parte
1255 894 1407 936 Italiae
1447 895 1649 937 adversus
1688 895 1792 937 duas

228 955 360 1003 acies,
405 954 510 995 duos
557 955 839 1009 imperatores
889 954 990 995 hinc
1034 953 1261 995 consilium
1306 968 1449 1008 suum,
1494 954 1593 996 hine
1638 969 1792 1009 corpus

231 1014 492 1067 opposuisse.
542 1027 701 1055 nomen
726 1012 911 1054 Neronis
938 1012 1043 1054 satis
1076 1011 1204 1052 fuisse
1233 1011 1285 1053 ad
1312 1013 1614 1054 continendum
1641 1014 1791 1055 castris

230 1071 540 1125 Hannibalem,
573 1072 893 1113 Hasdrubalem
919 1085 1020 1112 vero
1048 1085 1133 1125 qua
1159 1071 1243 1112 alia
1269 1084 1314 1111 re
1340 1085 1467 1124 quarn
1488 1071 1674 1113 adventu
1701 1072 1791 1113 eius

230 1131 430 1172 obrutum
465 1134 592 1185 atque
632 1131 867 1172 extinctum
902 1130 1023 1172 esse?
1064 1130 1209 1184 itaque
1246 1129 1327 1170 iret
1366 1129 1474 1170 alter
1512 1130 1661 1171 consul
1695 1131 1791 1172 sub-

227 1190 342 1231 limis
376 1205 500 1231 curru
532 1189 791 1244 multiiugiS,
830 1189 866 1230 si
898 1189 1043 1242 vellet,
1082 1189 1220 1243 equis;
1258 1202 1342 1229 uno
1383 1201 1491 1242 equo
1529 1202 1605 1242 per
1642 1189 1792 1230 urbem

227 1263 373 1290 verum
406 1248 673 1303 triumphum
705 1248 822 1301 vehi,
856 1247 1176 1301 Neronemque,
1219 1247 1350 1288 etiam
1382 1247 1417 1288 si
1449 1246 1577 1302 pedes
1610 1247 1793 1302 incedat,

1046 1397 1112 1431 que
1137 1387 1178 1420 in
1202 1396 1237 1420 se
1263 1397 1286 1420 a·
1312 1396 1423 1420 curru
1449 1386 1639 1421 dictatoris
1658 1386 1793 1421 civium

1046 1444 1112 1468 ora
1137 1437 1168 1468 et
1194 1433 1410 1468 celebritatis
1433 1434 1510 1467 eius
1535 1434 1609 1468 diei
1631 1434 1802 1476 fructum*

1045 1491 1157 1525 prope
1183 1480 1280 1515 solus
1305 1481 1448 1515 tulerat.

1097 1544 1151 1574 13.
1176 1539 1262 1573 hine
1281 1559 1324 1563 —
1344 1539 1444 1584 hinc]
1475 1538 1553 1573 Liv.
1578 1538 1645 1573 hat
1670 1539 1794 1574 zuerst

1045 1587 1130 1622 hinc
1157 1606 1199 1612 —
1225 1587 1309 1620 hiric
1336 1587 1428 1620 statt
1452 1586 1537 1620 hine
1558 1606 1599 1611 —-
1624 1586 1728 1621 illine
1753 1585 1792 1620 in

1047 1633 1106 1668 die
1128 1634 1242 1668 Prosa
1262 1631 1491 1678 eingeftihrt3
1512 1632 1607 1667 ohne
1622 1633 1793 1668 letzteres

227 1387 400 1423 sonderer
426 1387 632 1422 Riicksicht
657 1387 724 1422 auf
750 1388 973 1432 triumphum

225 1438 454 1480 separarent.-
506 1437 704 1480 „getrennt
753 1434 973 1479 triumphie-

225 1485 325 1517 ren“.

278 1545 331 1576 10.
358 1552 413 1575 res
437 1544 534 1585 qesta
562 1540 665 1586 esset]
692 1539 775 1584 „die
797 1539 974 1574 Schlacht

227 1589 452 1633 geschlagen
467 1588 560 1630 sei“;
578 1599 648 1622 rem
656 1598 774 1633 yerere
783 1587 834 1621 im
844 1586 973 1632 Singu-

225 1636 282 1670 lar
301 1635 459 1670 stehend
480 1645 550 1669 von
571 1634 809 1669 einzelnen
829 1634 972 1678 kriege-

224 1682 371 1717 rischen
406 1682 778 1726 Unternehmungen3
818 1681 872 1715 oft
910 1692 973 1725 ge-

225 1729 357 1764 radezu
392 1746 435 1758 =
468 1729 635 1772 feehten3
674 1728 749 1773 vgl.
786 1739 815 1763 c.
852 1732 912 1772 12,
954 1732 971 1762 1

225 1787 305 1812 eum
326 1777 540 1811 Hannibale
565 1776 660 1811 nihil
685 1796 728 1800 —
754 1776 809 1810 rei
825 1779 971 1820 yestum.

226 1835 254 1858 e.
278 1828 309 1866 2,
332 1828 352 1858 6
373 1825 510 1869 gladiis
534 1825 612 1868 yerz'
636 1833 693 1858 res
717 1827 851 1867 coepta.
900 1822 973 1857 Der

225 1871 353 1905 Plural
395 1882 451 1906 res
493 1881 612 1915 yerere
652 1869 870 1905 bezeichnet
913 1869 972 1904 die

224 1917 401 1963 Fiihrung
434 1918 534 1953 eines
566 1927 738 1963 ganzen
769 1916 971 1961 Krieges.

274 1977 351 2023 eias
376 1977 469 2019 forte
495 1977 700 2021 auspicium
724 1975 867 2020 fuisset]
895 1973 973 2009 Liv.

225 2023 362 2058 nimmt
388 2034 445 2065 an,
473 2023 552 2058 dass
579 2024 643 2058 der
671 2022 893 2057 Oberbefehl
914 2022 974 2057 bei

225 2071 291 2104 der
311 2070 587 2115 gemeinsamen
603 2070 805 2115 Operation
824 2070 975 2104 alternis

225 2117 350 2152 diebus
370 2117 661 2162 abgewechselt3
684 2116 753 2151 wie
772 2116 973 2161 allerdings

224 2165 351 2209 haufig
394 2165 574 2209 geschah,
618 2162 692 2209 vgl.
733 2162 802 2205 22,
840 2167 901 2206 27,
940 2167 971 2198 6.

226 2222 255 2246 e.
277 2215 339 2254 41,
361 2215 380 2246 3
407 2213 560 2247 alterrcis
585 2211 856 2255 imperitabant.

272 2271 463 2315 quaclrz'qis
507 2270 629 2305 urbem
667 2269 865 2315 ineuntem]
911 2270 977 2304 auf

227 2317 309 2352 dem
336 2317 581 2361 turmartigen
608 2316 971 2361 Triumphalwagen.

226 2364 300 2399 Der
338 2363 454 2399 blosse
489 2363 643 2399 Ablativ
681 2363 780 2398 steht
817 2363 877 2398 bei
915 2365 972 2399 in-

224 2411 344 2456 yredi,
370 2412 481 2453 inire,
508 2411 596 2453 vehi,
623 2410 696 2456 vgl.
717 2414 736 2453 ξ
764 2415 807 2445 15
833 2411 901 2445 iret
929 2431 970 2436 —

226 2459 335 2503 equis.
368 2459 400 2500 1,
428 2462 484 2500 21,
511 2462 532 2492 4
559 2459 652 2503 biyis
678 2469 789 2492 curru
816 2462 973 2492 arcuata

225 2505 313 2540 vehi.
365 2506 406 2548 5,
439 2510 502 2547 23,
535 2509 555 2539 5
594 2516 707 2540 curru
744 2506 842 2549 equis
879 2505 973 2540 albis

225 2554 349 2588 iuncto
393 2553 513 2587 urbem
557 2553 728 2587 ini-ectus.
779 2551 846 2595 24,
880 2557 917 2595 5,
950 2557 971 2586 4

225 2600 415 2645 quadriyis
447 2620 491 2625 —-
523 2600 688 2635 alborum
725 2609 895 2643 equorum
928 2620 969 2624 —

223 2647 478 2691 procedentem.

272 2716 360 2750 equo
385 2706 462 2741 sine
486 2704 681 2750 militibus]
719 2704 797 2741 also
829 2704 970 2751 eigent-

226 2752 301 2787 lich
328 2765 396 2787 nur
420 2763 542 2788 ovans.
602 2752 638 2795 3,
667 2755 721 2794 10,
747 2756 770 2787 4
795 2756 836 2787 ut
861 2763 972 2788 ovans

225 2800 303 2834 sine
327 2801 505 2836 militibus
530 2799 652 2834 urbem
677 2800 797 2835 iniret.

277 2861 331 2891 11.
358 2858 583 2893 consociatus
608 2858 814 2903 triumphus
833 2879 876 2884 —
896 2859 971 2904 ylo-

228 2904 323 2939 riam
349 2905 470 2950 auxit]
497 2905 571 2949 vgl.
593 2904 632 2950 4,
660 2909 722 2949 20,
749 2909 770 2941 3
796 2909 974 2942 averterat

1041 1680 1179 1725 jedoch
1199 1691 1292 1725 ganz
1314 1679 1636 1714 auszusehliessen.
1657 1700 1703 1705 —
1722 1679 1791 1715 Die

1052 1728 1160 1762 Wahl
1186 1728 1249 1762 des
1274 1726 1439 1761 Adverbs
1470 1727 1554 1761 hinc
1586 1727 1792 1772 entspricht

1047 1775 1111 1809 der
1137 1773 1408 1809 Konstruktion
1435 1784 1576 1818 oppono
1596 1774 1640 1809 ab
1667 1774 1793 1819 aliqua

1040 1826 1159 1867 parte,
1186 1822 1259 1865 vgl.
1286 1820 1345 1864 26,
1372 1825 1429 1864 44,
1455 1825 1487 1856 2.

1093 1882 1265 1916 adversus
1298 1900 1338 1905 —
1371 1879 1593 1925 opposuisse]
1629 1879 1703 1924 vgl.
1731 1878 1792 1923 27,

1048 1932 1106 1973 48,
1142 1932 1162 1962 5
1207 1929 1378 1963 adversus
1424 1927 1621 1962 Claudium
1667 1925 1794 1962 Gallos

1047 1977 1207 2020 opponit.
1260 1975 1320 2018 30,
1344 1978 1397 2017 10,
1419 1978 1439 2008 ὅ
1467 1975 1638 2009 adversus
1661 1974 1794 2009 hostem

1047 2024 1226 2068 opposuit.

1097 2085 1151 2115 14.
1207 2081 1374 2116 obrutum
1425 2084 1532 2125 atque
1580 2080 1792 2124 eoetinetum]

1046 2128 1115 2163 mit
1153 2128 1253 2162 einer
1291 2139 1376 2162 vom
1414 2127 1532 2161 Feuer
1575 2126 1794 2161 entlehnten

1047 2176 1258 2220 Metapher:
1294 2175 1383 2217 „der
1415 2174 1531 2208 Glanz
1563 2173 1793 2208 Hasdrubale

1047 2222 1100 2257 sei
1135 2222 1373 2267 ausgeloscht
1404 2221 1479 2255 und
1511 2220 1701 2256 erstiekt.“
1751 2219 1793 2255 In

1046 2269 1260 2304 demselben
1282 2268 1387 2302 Bilde
1414 2268 1464 2302 ist
1490 2267 1596 2311 jedes
1627 2266 1791 2302 einzelne

1045 2317 1110 2351 der
1135 2315 1271 2350 beiden
1290 2315 1415 2350 Verba
1434 2315 1569 2359 haufig,
1597 2314 1703 2352 beide
1730 2326 1790 2349 zu-

1046 2374 1211 2399 sammen
1224 2374 1293 2397 nur
1307 2362 1403 2405 hier-3
1420 2363 1494 2406 vgl.
1504 2373 1533 2396 c.
1543 2365 1599 2406 20,
1609 2366 1627 2397 7
1639 2362 1792 2407 vestiyia

1045 2412 1147 2446 urbis
1189 2411 1404 2454 extimuere.
1461 2408 1520 2451 25,
1559 2413 1615 2452 38,
1657 2412 1699 2444 10
1736 2409 1792 2444 vis

1045 2462 1151 2503 atque
1176 2459 1292 2492 virtus
1319 2477 1361 2481 —
1389 2457 1529 2491 obruta.

1095 2522 1148 2552 15.
1169 2517 1426 2560 multiiuyis-
1442 2515 1556 2561 equis]
1578 2517 1680 2550 sonst
1694 2525 1789 2548 wen-

1045 2565 1110 2599 det
1137 2564 1213 2598 Liv.
1240 2563 1299 2597 die
1329 2563 1486 2597 Formen
1516 2563 1706 2606 oetoiuqes
1736 2561 1790 2596 ire

1044 2612 1079 2655 5,
1107 2615 1140 2655 2,
1170 2614 1222 2646 10.
1250 2610 1309 2653 38,
1338 2614 1394 2653 35,
1421 2614 1443 2644 4
1467 2611 1615 2655 seiuyes
1640 2619 1696 2642 an.

1089 2681 1212 2705 verum
1253 2668 1492 2713 triumphum]
1537 2667 1627 2711 „der
1663 2666 1788 2701 wahre

1044 2717 1351 2762 Triumphator“;
1371 2716 1606 2750 Abstractnm
1622 2724 1693 2758 pro
1707 2724 1787 2748 con—

1045 2769 1156 2807 eret03
1199 2763 1257 2798 bei
1292 2762 1370 2797 Liv.
1402 2761 1507 2796 nicht
1538 2761 1671 2802 selten;
1711 2760 1785 2804 vgl.

1046 2813 1079 2855 1,
1110 2816 1164 2855 13,
1191 2815 1211 2845 2
1238 2811 1405 2845 dirimere
1429 2809 1506 2843 iras
1532 2825 1575 2837 =
1601 2809 1725 2843 iratos
1751 2807 1786 2851 3,

1049 2863 1103 2903 19,
1121 2863 1140 2893 5
1155 2858 1291 2894 semina
1305 2856 1571 2891 discordiarum
1586 2855 1727 2891 tribuni
1742 2871 1785 2884 =

1045 2910 1189 2941 satores.
