1953 3278
248 141 305 183 56
742 144 883 179 LIBER
909 144 1072 179 XXVIII.
1117 144 1218 181 CAP.
1246 151 1300 183 25.

1641 167 1665 183 a.
1685 167 1713 184 u.
1733 159 1796 186 548.

251 249 398 291 datum
430 251 481 292 ad
514 251 623 291 diem
649 251 900 305 iactabatur,
932 255 987 304 et,
1019 265 1115 292 cum
1142 252 1287 295 eodem
1313 257 1513 311 tempore,
1546 271 1629 312 quo
1657 257 1796 299 scelus

249 308 619 364 Iliturgitanorum
652 308 881 363 extitisset,
921 312 1021 364 post
1052 310 1230 352 duorum
1262 313 1563 367 imperatorum
1596 316 1795 357 duorum-

251 382 329 421 que
357 367 616 408 exercituum
643 370 831 422 stragem
858 383 934 410 sua
958 368 1115 410 virtute
1142 369 1357 412 defensum
1377 387 1531 415 nomen
1551 374 1792 416 Romanum

250 441 297 467 ac
324 428 489 466 retenta
515 426 735 479 provincia
761 430 883 480 esset,
909 427 1202 483 Iliturgitanos
1229 443 1410 482 poenam
1435 445 1570 474 noxae
1597 434 1793 474 meritam

204 497 220 525 τ
250 484 416 537 habere,
448 484 534 525 suis
565 487 677 526 recte
709 484 834 527 factis
864 487 1047 541 gratiam
1081 487 1152 541 qui
1186 488 1377 529 exsolvat
1406 503 1492 531 non
1525 506 1627 534 esse.
1688 492 1795 534 talia

250 542 463 596 querentis
497 557 632 597 aequa
663 558 796 598 orare,
833 559 958 599 seque
991 559 1040 586 ea
1070 546 1278 587 relaturos
1311 546 1364 588 ad
1398 547 1697 602 imperatorem
1729 565 1793 592 re-

249 600 533 655 spondebant3
566 603 727 654 laetari,
761 604 871 657 quod
903 604 1012 645 nihil
1045 605 1210 646 tristius
1242 619 1318 646 nec
1351 606 1630 650 insanabilius
1663 612 1792 663 esset3

248 661 289 699 et
319 659 365 701 P.
399 658 640 714 Scipionem
674 661 799 703 deum
831 662 1097 718 benignitate
1130 667 1171 704 et
1202 678 1289 705 rem
1322 665 1539 718 publicam
1575 681 1666 708 esse
1699 682 1795 722 gra-

246 717 331 758 tiae
363 719 623 761 referendae.

200 790 220 817 s
366 776 621 832 Scipionem,
647 779 771 820 bellis
793 779 1028 834 adsuetum,
1055 781 1107 822 ad
1129 781 1382 823 seditionum
1410 785 1616 837 procellas
1635 785 1800 839 rudem,

250 835 482 877 sollicitum
525 836 714 878 habebat
756 852 842 892 res,
885 853 938 880 ne
982 842 1056 880 aut
1093 841 1301 882 exercitus
1344 843 1557 896 peccando
1598 845 1670 884 aut
1709 844 1799 898 ipse

201 906 221 935 9
247 895 464 948 puniendo
491 895 663 937 modum
690 897 923 939 excederet.
971 898 1016 938 in
1042 900 1295 953 praesentia,
1321 904 1369 941 ut
1394 902 1616 956 coepisset,
1643 902 1801 944 leniter

249 953 319 1008 agi
351 954 527 1008 placuit,
568 957 610 996 et
641 956 782 997 missis
822 957 932 997 circa
965 957 1262 1010 stipendiarias
1302 959 1496 1001 civitates
1529 961 1796 1002 exactoribus

251 1013 435 1066 stipendi
474 1028 593 1067 spem
633 1015 917 1069 propinquam
954 1015 1110 1071 facere3
1148 1018 1190 1057 et
1227 1016 1409 1058 edictum
1449 1019 1626 1060 subinde
1659 1020 1795 1074 (pro)

250 1072 450 1124 positum,
483 1075 530 1112 ut
563 1072 614 1113 ad
642 1073 900 1127 stipendium
925 1074 1155 1128 petendum
1181 1076 1457 1117 convenirent
1482 1076 1805 1134 Carthaginem,

179 1140 220 1170 11
250 1144 323 1171 seu
343 1131 523 1184 carptim
545 1130 675 1185 (per)
695 1135 839 1186 partes
860 1147 932 1174 seu
953 1134 1140 1174 universi
1160 1134 1347 1176 mallent.
1391 1136 1669 1189 tranquillam
1690 1137 1798 1178 sedi—

249 1190 411 1230 tionem
443 1190 529 1230 iam
560 1205 637 1244 per
663 1206 707 1233 se
733 1191 1078 1246 languescentem
1107 1193 1330 1246 repentina
1357 1193 1474 1248 quies
1501 1195 1800 1236 rebellantium

249 1247 543 1302 Hispanorum
587 1249 705 1291 fecit:
754 1251 970 1292 redierant
1014 1252 1127 1292 enim
1178 1252 1223 1293 in
1272 1252 1367 1293 finis
1418 1253 1577 1296 omisso
1628 1255 1804 1309 incepto

248 1306 504 1348 Mandonius
547 1310 589 1349 et
625 1308 839 1364 Indibilis,
883 1312 1110 1364 postquam
1155 1311 1296 1352 vivere
1335 1309 1574 1366 Scipionem
1620 1313 1801 1354 allatum

183 1376 223 1406 12
250 1369 330 1419 est3
375 1380 454 1408 nec
491 1367 576 1408 iam
615 1370 707 1409 erat
745 1371 818 1409 aut
856 1369 957 1410 civis
997 1372 1070 1410 aut
1107 1372 1322 1424 externus,
1359 1385 1454 1412 cum
1494 1386 1576 1426 quo
1614 1372 1805 1414 furorem-

181 1023 223 1053 10

297 1551 366 1585 quo
398 1542 510 1576 scelus
542 1542 866 1587 Iliturgitanorum
902 1545 991 1578 emti·
1059 1545 1248 1589 procellas.
1299 1545 1371 1579 Der
1397 1544 1591 1581 Gebrauch
1623 1547 1687 1581 der
1717 1546 1803 1580 Pra-

251 1589 365 1634 tisset]
393 1588 453 1633 „in
474 1589 633 1624 welcher
659 1590 724 1625 das
743 1591 991 1626 verbrecheri-

251 1635 337 1670 sche
358 1636 632 1671 Unternehmen
655 1637 720 1672 der
740 1638 992 1683 Iliturgitaner

251 1682 487 1765 assez
519 1686 790 1767 {asaias
821 1689 990 1768 iffi?

251 1777 434 1822 mordung
489 1778 554 1812 der
602 1778 840 1824 Flsichtigem
896 1781 991 1815 nach

252 1824 311 1866 25,
339 1828 382 1859 32
397 1825 433 1859 ff.
454 1825 579 1859 Abfall
606 1837 677 1861 von
704 1826 774 1861 den
795 1827 992 1872 Scipionen

253 1874 361 1915 (212).
401 1871 469 1906 Die
489 1872 690 1908 Redenden
710 1873 791 1909 sind
813 1875 992 1910 demnach
1047 1867 1049 1869 ¹

252 1919 326 1954 alte
353 1918 540 1955 Soldaten.

299 1967 457 2010 qratiam
476 1969 539 2011 qui
557 1968 730 2014 exsolvat]
747 1968 811 2003 der
826 1968 999 2003 Vorwurf

252 2013 401 2048 besteht
426 2014 541 2055 darin,
569 2014 648 2049 dass
670 2014 794 2060 Scipio
814 2027 910 2050 zwar
935 2015 994 2051 die

255 2059 480 2105 Schuldigen
501 2061 624 2105 strafe,
645 2062 704 2097 die
713 2063 994 2097 Wohlverdien—

253 2108 317 2141 ten
352 2107 440 2141 aber
477 2108 581 2142 nicht
618 2109 796 2151 belohne3
836 2110 908 2154 vgl.
937 2110 996 2153 26,

255 2158 316 2196 40,
346 2157 387 2188 15
408 2156 577 2198 praemia
602 2157 814 2191 exsolvisset.
854 2157 888 2199 2,
904 2161 959 2200 29,
976 2162 995 2192 8

253 2201 383 2236 merita
408 2222 453 2226 —
479 2203 654 2238 exsolvere
680 2220 722 2231 =
749 2204 956 2238 auszahlen.

305 2253 336 2285 7.
357 2259 420 2283 nec
440 2250 701 2295 insanabilius]
721 2250 848 2293 „nicht
861 2251 997 2286 wieder

257 2297 632 2341 gutzumachendes“;
648 2298 721 2342 vgl.
734 2297 793 2339 42,
802 2301 858 2342 42,
868 2302 887 2332 9
902 2299 997 2333 nihil

256 2346 347 2377 certe
371 2344 576 2379 insanabile
602 2365 645 2369 —
672 2346 840 2379 commisi.

308 2389 351 2425 P.
397 2389 601 2435 Scipionem
647 2411 690 2416 —
740 2403 811 2427 esse
859 2393 1002 2437 yratz'ae

258 2437 485 2484 referendae]
525 2437 678 2483 „Scipio
717 2439 768 2474 sei
806 2439 1000 2482 imstande,

890 2486 1000 2521 Dativ

260 2531 323 2566 des
339 2530 544 2566 Gerundivs
564 2532 614 2566 im
635 2532 833 2567 Ansehluss
853 2545 899 2568 an
919 2545 999 2576 esse,

258 2578 328 2613 mit
347 2579 431 2613 dem
451 2589 490 2613 er
510 2591 721 2615 zusammen
743 2580 807 2615 das
822 2580 1002 2615 Pr'adikat

259 2625 379 2660 bildet
410 2643 454 2655 =
482 2627 663 2670 sufficere,
688 2638 817 2671 parem
848 2639 917 2662 esse
948 2629 1002 2662 rei

259 2673 467 2716 taciendam
499 2675 572 2719 vgl.
600 2674 642 2716 4,
663 2678 719 2717 43,
743 2678 785 2709 10
810 2685 884 2710 non
909 2686 1004 2710 exer-

263 2721 392 2764 citum,
433 2731 507 2755 non
538 2722 661 2756 ducem
692 2722 878 2757 scribendo
909 2733 1005 2757 exeo·-

264 2768 354 2802 citui
379 2778 458 2802 esse.

313 2818 343 2849 8.
365 2816 414 2849 ad
436 2816 649 2850 seditionum
664 2817 844 2860 procellas
862 2816 1001 2862 rudem]

267 2861 511 2901 „unerfahren
537 2864 750 2907 gegeniiber
777 2863 859 2898 dem
885 2862 1005 2897 Tosen

267 2908 331 2942 des
357 2908 598 2952 Aufruhres“;
626 2910 699 2954 vgl.
716 2921 744 2945 c.
761 2914 816 2953 24,
837 2914 857 2944 2
884 2914 1005 2945 tantas

260 2484 516 2519 Dankbarkeit
546 2498 589 2520 zu
622 2486 840 2521 beweisen.“

1063 1591 1227 1636 position
1253 1593 1301 1627 acl
1327 1592 1385 1627 bei
1405 1593 1629 1638 Adjektiven
1655 1605 1716 1628 zur
1735 1593 1803 1628 Be-

1065 1639 1267 1684 zeichnung
1292 1640 1435 1683 dessen,
1461 1642 1498 1674 in
1517 1640 1642 1685 Bezug
1663 1640 1809 1676 worauf

1065 1686 1124 1721 die
1139 1686 1254 1721 durch
1269 1686 1334 1721 das
1347 1687 1521 1731 Adjektiv
1537 1687 1805 1732 ausgedrfickte

1063 1733 1304 1778 Eigenschaft
1323 1733 1404 1777 gilt,
1424 1733 1472 1768 ist
1491 1734 1551 1769 bei
1566 1734 1642 1769 Liv.
1662 1734 1804 1780 h'aufig;

1064 1781 1136 1825 vgl.
1163 1782 1268 1815 rudis
1293 1781 1341 1815 acl
1366 1781 1426 1823 21,
1453 1785 1508 1823 25,
1539 1786 1569 1817 6.
1603 1781 1662 1824 24,
1689 1786 1746 1825 48,
1773 1785 1804 1817 5.

1113 1831 1143 1862 9.
1183 1828 1426 1873 eaeactoribus]
1469 1828 1549 1863 sind
1593 1829 1652 1863 die
1689 1829 1806 1874 regel-

1065 1874 1247 1919 massigen
1285 1874 1507 1910 Einnehmer
1545 1887 1617 1910 von
1653 1875 1807 1911 Steuern

1066 1922 1141 1956 und
1167 1922 1352 1964 Gefallen3
1383 1923 1522 1968 easiyew
1554 1923 1619 1956 das
1646 1922 1808 1958 Verbum

1066 1969 1255 2014 proprium
1282 1969 1340 2003 fiir
1365 1969 1444 2004 ihre
1471 1969 1705 2013 Thatigkeit3
1733 1970 1806 2015 vgl.

1068 2027 1096 2050 c.
1125 2020 1181 2060 36,
1207 2020 1227 2051 3
1254 2017 1368 2061 eaeeqit
1395 2018 1628 2061 (pecuniam).

1116 2074 1211 2107 spem
1258 2065 1501 2108 propinquam
1549 2065 1689 2110 facere]
1739 2075 1809 2108 „er

1069 2111 1200 2145 riickte
1231 2110 1290 2146 die
1318 2110 1640 2156 Verwirklichung
1670 2111 1810 2154 nahe“;

1069 2158 1136 2192 das
1156 2156 1351 2202 Gegenteil
1372 2168 1401 2192 c.
1417 2162 1448 2200 2,
1467 2161 1510 2192 14
1535 2168 1629 2201 spem
1654 2159 1808 2193 morari:

1071 2205 1130 2239 die
1156 2204 1478 2249 Verwirklichung
1503 2205 1706 2240 aufhalten.

1120 2256 1173 2286 10.
1185 2253 1339 2295 carptim
1346 2263 1414 2296 per
1419 2251 1560 2297 partes]
1575 2251 1635 2295 „in
1647 2252 1813 2288 einzelne

1070 2297 1318 2343 Abteilungen
1334 2300 1541 2342 getrennt.“
1567 2309 1713 2343 carpere
1726 2310 1810 2334 vom

1070 2344 1200 2380 Teilen
1215 2345 1277 2380 des
1292 2345 1429 2380 Heeres
1445 2346 1516 2389 vgl.
1533 2346 1567 2389 3,
1583 2350 1616 2389 5,
1633 2350 1650 2380 1
1666 2357 1812 2391 carpere

1073 2393 1315 2435 multifariam
1352 2393 1453 2428 vires.
1505 2393 1570 2437 26,
1604 2397 1665 2436 38,
1699 2397 1719 2428 2
1764 2395 1812 2428 in

1073 2440 1205 2474 multas
1228 2451 1431 2484 parvasque
1455 2441 1606 2485 partis
1631 2451 1814 2485 carpere

1073 2487 1283 2529 exereitum3
1315 2486 1436 2522 ferner
1462 2489 1631 2532 carptim:
1657 2488 1694 2522 in
1720 2487 1811 2522 klei-

1072 2545 1143 2568 nen
1169 2533 1418 2579 Abteilungen
1443 2534 1502 2578 22,
1532 2539 1585 2578 16,
1612 2538 1631 2568 2
1658 2535 1811 2578 carptim

1074 2601 1116 2606 —-
1147 2592 1364 2625 pugnavere.
1413 2581 1478 2625 44,
1511 2586 1573 2626 41,
1607 2586 1626 2616 7
1658 2582 1811 2625 carptim

1072 2629 1324 2673 adyrediendo.

1129 2680 1181 2709 12.
1215 2679 1279 2710 aut
1311 2676 1400 2710 civis
1431 2679 1495 2710 aut
1526 2674 1707 2721 externus]
1735 2675 1812 2710 die-

1079 2722 1179 2757 selbe
1191 2722 1572 2767 Gegeniiberstellung
1591 2723 1654 2756 des
1669 2721 1813 2757 Nomen

1080 2769 1199 2805 Subst.
1236 2769 1305 2803 mit
1339 2769 1455 2804 einem
1489 2769 1813 2804 substantivierten

1077 2815 1254 2861 Adjektiv
1279 2817 1330 2850 im
1357 2816 1528 2860 Singular
1559 2816 1600 2859 6,
1623 2820 1682 2857 17,
1709 2819 1730 2851 8
1755 2827 1816 2851 eoe-

1078 2867 1197 2907 terno,
1241 2874 1314 2898 mm
1351 2863 1421 2897 civi
1458 2867 1724 2906 comparatum;
1769 2876 1812 2898 zu

1077 2915 1244 2946 externus
1264 2926 1307 2938 =
1328 2909 1533 2944 Auslander
1548 2910 1684 2954 vgl.30,
1701 2914 1754 2954 15,
1772 2915 1813 2945 12
