1953 3278
172 168 198 187 a.
220 161 272 187 ch.
291 161 351 186 20⁷.
370 160 429 185 zoe.
453 152 460 164 ⁶

639 148 782 183 LIBER.
807 146 972 182 XXVIII.
1024 144 1125 180 CAP.
1153 148 1184 180 9.
1214 148 1266 179 10.
1671 140 1723 180 21

173 259 239 301 vel
271 260 395 312 parta
427 271 475 298 eo
510 256 623 297 bello
650 256 716 296 vel
744 257 888 309 spreta
920 267 968 295 eo
996 251 1213 306 triumpho
1242 249 1379 305 gloria
1406 247 1726 290 memorabilem

173 317 274 359 fore.
335 316 379 357 hi
413 329 630 356 sermones
665 313 950 368 spectantium
978 311 1193 353 Neronem
1226 323 1360 363 usque
1393 308 1438 349 in
1465 305 1725 361 Capitolium
1758 316 1798 347 16

173 375 388 429 prosecuti
421 376 532 415 sunt.
594 373 799 428 pecuniae
831 373 874 413 in
910 370 1120 412 aerarium
1153 369 1345 410 tulerunt
1377 366 1622 408 sestertium
1654 365 1726 405 tri-

172 434 300 485 ciens,
332 433 553 488 octoginta
585 432 704 473 milia
735 430 857 472 aeris.
908 429 1118 471 militibus
1150 426 1206 468 M.
1227 426 1372 467 Livius
1405 425 1727 479 quinquagenos
1758 432 1798 462 17

173 506 299 534 senos
333 506 448 533 asses
476 491 636 546 divisit3
667 489 918 532 tantundem
946 486 990 529 C.
1014 485 1219 528 Claudius
1245 484 1494 526 absentibus
1521 482 1728 523 militibus

173 551 260 593 suis
294 553 360 592 est
390 551 618 604 pollicitus,
650 563 744 590 cum
777 547 829 589 ad
856 546 1085 588 exercitum
1112 544 1302 585 redisset.
1353 545 1548 583 notatum
1574 544 1652 594 est,
1678 553 1726 581 eo
1758 548 1799 580 18

173 609 239 651 die
277 610 400 664 plura
440 609 626 650 carmina
664 606 921 648 militaribus
959 604 1064 646 iocis
1103 603 1147 644 in
1186 600 1230 643 C.
1264 600 1489 643 Claudium
1525 614 1652 653 quam
1684 599 1727 639 in

173 669 389 710 consulem
428 682 551 709 suum
584 668 762 718 iactata,
801 664 965 719 equites
998 662 1043 703 L.
1076 660 1303 702 Veturium
1343 663 1385 700 et
1417 659 1465 708 Q.
1498 657 1728 700 Caecilium
1759 667 1800 698 19

172 726 338 782 legatos
382 726 550 781 magnis
588 725 736 766 tulisse
769 722 967 764 laudibus
1006 720 1287 774 hortatosque
1327 732 1419 760 esse
1452 717 1639 772 plebem,
1684 718 1731 756 ut

173 800 245 827 eos
280 785 474 827 consules
506 785 551 824 in
583 797 837 837 proxumum
870 794 1028 822 annum
1060 781 1267 832 crearent3
1302 777 1506 819 adiecisse
1539 775 1730 829 equitum
1758 785 1801 816 20

172 843 494 898 praerogativae
535 841 834 883 auctoritatem
875 838 1068 881 consules
1114 839 1287 891 postero
1332 836 1398 877 die
1436 836 1480 876 in
1521 834 1732 886 contione,

173 916 299 956 quam
344 902 444 942 forti
489 901 685 954 fidelique
730 899 909 940 duorum
951 896 1177 951 praecipue
1218 896 1460 950 legatorum
1498 907 1628 948 opera
1666 892 1732 932 usi

169 963 328 1014 essent,
360 961 756 1001 commemorantes.

287 1017 394 1060 Cum
450 1018 720 1060 comitiorum
769 1018 938 1069 tempus
990 1013 1211 1067 adpeteret
1261 1015 1303 1054 et
1352 1026 1428 1066 per
1478 1011 1729 1052 dictatorem
1755 1012 1805 1049 10

169 1078 346 1119 comitia
376 1077 525 1118 haberi
558 1076 811 1131 placuisset,
843 1073 890 1116 C.
922 1072 1129 1116 Claudius
1163 1072 1312 1113 consul
1344 1070 1400 1112 M.
1432 1069 1601 1111 Livium
1634 1082 1731 1109 con-

169 1137 311 1192 legam
339 1136 592 1178 dictatorem
620 1135 739 1188 dixit,
764 1133 908 1175 Livius
930 1131 977 1181 Q.
999 1130 1229 1174 Caecilium
1250 1130 1509 1185 magistrum
1530 1128 1732 1182 equitum.

173 1210 198 1236 a
230 1195 285 1236 M.
317 1194 439 1236 Livio
472 1195 679 1236 dictatore
712 1192 844 1234 creati
876 1191 1073 1234 consules
1106 1189 1152 1231 L.
1184 1189 1390 1231 Veturius
1425 1187 1472 1237 Q.
1506 1185 1730 1238 Caecilius,

171 1254 207 1295 is
233 1254 336 1308 ipse,
363 1254 435 1308 qui
461 1256 553 1294 tum
581 1256 672 1294 erat
697 1251 904 1306 magister
924 1250 1127 1304 equitum.
1172 1248 1269 1290 inde
1291 1250 1537 1302 praetorum
1557 1244 1732 1286 comitia
1759 1256 1779 1285 3

169 1313 338 1354 habita:
378 1313 509 1354 creati
543 1310 587 1352 C.
621 1310 823 1353 Servilius
870 1309 928 1350 M.
960 1308 1168 1351 Caecilius
1199 1306 1398 1348 Metellus
1432 1305 1494 1347 Ti.
1528 1303 1732 1345 Claudius

172 1371 341 1413 Asellus
387 1370 434 1419 Q.
472 1369 690 1411 Mamilius
733 1369 958 1422 Turrinus,
1003 1367 1076 1421 qui
1119 1369 1210 1407 tum
1256 1365 1407 1407 aedilis
1458 1363 1595 1419 plebis
1635 1366 1736 1402 erat.

173 1430 357 1472 comitiis
383 1429 583 1484 perfectis
611 1429 794 1470 dictator
821 1427 1079 1482 magistratu
1106 1425 1303 1466 abdicato
1332 1424 1592 1477 dimissoque
1619 1434 1734 1461 exer·
1762 1431 1783 1461 4

172 1489 260 1530 citu
291 1488 336 1529 in
368 1487 587 1530 Etruriam
621 1487 882 1541 provinciam
917 1500 968 1527 ex
1001 1488 1175 1526 senatus
1202 1484 1397 1526 consulto
1425 1485 1490 1524 est
1516 1479 1733 1536 profectus

213 1643 329 1683 parta
355 1658 398 1663 —
425 1642 546 1683 spreta
565 1638 698 1682 gloria]
724 1637 917 1671 beabsich·

171 1686 284 1731 tigtes
322 1685 549 1730 Wortspie13
594 1684 669 1730 vgl.
702 1684 745 1727 3,
779 1688 840 1727 70,
876 1687 919 1718 14

171 1733 284 1778 spreti
314 1736 380 1767 aut
411 1744 486 1768 non
516 1733 662 1777 sperati.
707 1731 774 1775 28,
808 1734 864 1774 41,
897 1735 917 1766 6

171 1781 287 1824 mayis
351 1784 500 1824 partam
568 1790 677 1824 quam
736 1782 919 1822 speratam

172 1827 337 1872 yloriam.

223 1877 277 1908 16.
291 1874 489 1908 sestertium
503 1872 665 1916 triciens]
683 1872 741 1907 die
751 1872 920 1916 Z’ahlung

173 1921 268 1955 nach
289 1921 479 1955 Sesterzen
499 1919 614 1954 findet
633 1920 712 1954 sich
737 1919 818 1953 hier
837 1930 919 1953 zum

174 1968 297 2002 ersten
322 1967 418 2002 Male
445 1965 505 2001 bei
531 1966 610 2001 Liv.

222 2018 277 2049 18.
298 2017 462 2049 notatum
476 2014 541 2059 est]
563 2024 624 2057 „es
640 2013 688 2047 ist
702 2012 920 2057 angemerkt

174 2061 359 2105 worden“,
379 2061 413 2096 d.
428 2061 464 2097 h.
485 2061 523 2095 in
543 2060 615 2095 den
634 2061 820 2102 Annalem
842 2059 915 2103 vgl.

173 2107 239 2150 44,
277 2111 340 2151 18,
380 2111 401 2142 8
438 2108 710 2152 vtzaynificentia
746 2110 920 2142 crescente

173 2158 337 2190 notatum
352 2159 412 2190 est.
447 2154 482 2197 3,
504 2158 560 2198 33,
583 2158 602 2188 9
623 2154 780 2198 exemplo
806 2154 918 2188 unius

174 2203 227 2237 rei
251 2206 394 2237 notasse
418 2203 508 2236 satis
534 2202 611 2237 erit.

222 2250 388 2284 carmina
411 2249 633 2284 militaribus
661 2249 750 2283 iocis
776 2269 817 2273 —
846 2248 921 2282 iac-

175 2296 271 2341 tata]
303 2308 346 2330 zu
373 2296 438 2331 der
464 2295 577 2339 Sitte,
609 2294 836 2340 Spottlieder
861 2293 926 2328 auf

175 2342 246 2377 den
277 2343 618 2387 triumphierenden
651 2342 855 2377 Feldherrn
879 2353 923 2375 zu

177 2389 318 2433 singen,
339 2389 398 2424 die
418 2389 498 2424 hier
512 2388 571 2424 ein
589 2388 746 2424 Zeichen
768 2400 840 2424 von
855 2387 923 2423 Be-

175 2435 350 2471 liebtheit
369 2436 463 2478 sind,
489 2437 563 2481 vgl.
578 2435 614 2479 4,
629 2440 686 2480 53,
709 2441 750 2470 11
773 2436 924 2470 alternis

175 2483 356 2517 inconditi
392 2493 546 2517 versus
582 2484 737 2518 militari
775 2483 923 2518 licentia

175 2530 350 2564 iactati.
403 2529 434 2572 7,
461 2533 517 2572 38,
545 2533 565 2563 3
590 2530 776 2564 incondito
801 2530 922 2564 mili-

175 2577 269 2611 tari
295 2578 398 2612 ioco.
444 2576 503 2617 10,
530 2579 586 2617 30,
613 2581 633 2611 9
661 2577 837 2611 celebrata
867 2577 922 2610 in-

176 2624 332 2659 conditis
375 2623 657 2658 carminibus
704 2624 922 2658 *militari-

177 2671 264 2706 bus.
297 2670 358 2713 39,
382 2674 413 2713 7,
433 2674 453 2704 3
474 2670 677 2704 carmina
698 2681 722 2704 a
747 2670 924 2704 militibus

176 2738 223 2743 —
248 2719 289 2752 in
314 2719 564 2762 imperatorem
589 2717 696 2752 dicta.

236 2768 292 2800 20.
331 2765 489 2809 equitum
513 2762 806 2809 praeroyativae]
844 2762 932 2806 „der

176 2812 411 2857 vorlaufigen
445 2810 727 2855 Entscheidung
759 2809 823 2844 der
848 2809 928 2843 Rit-

178 2860 271 2893 ter.“
313 2859 382 2893 Die
415 2858 532 2893 durch
557 2858 622 2893 das
648 2857 719 2892 Los
745 2868 808 2891 zur
839 2855 929 2891 Vor-

177 2905 275 2940 wahl
306 2905 519 2941 bestimmte
552 2904 724 2940 Centurie
766 2905 927 2948 (praero-

991 1636 1129 1680 gatii-a)
1147 1635 1234 1669 fibte
1249 1633 1364 1668 durch
1378 1633 1458 1668 ihre
1473 1631 1737 1674 Abstimmung

992 1683 1104 1717 meist
1136 1681 1200 1715 auf
1235 1681 1308 1715 den
1345 1680 1489 1714 Ausfall
1527 1680 1591 1713 der
1625 1677 1739 1712 Wahl

993 1728 1306 1764 entscheidenden
1322 1726 1488 1770 Einfiuss,
1506 1727 1622 1761 daher
1632 1735 1737 1769 prae-

992 1777 1158 1822 rogam-a
1196 1792 1238 1804 =
1266 1773 1629 1817 Vorentscheidung3
1662 1772 1737 1815 vgl.

992 1824 1034 1867 3,
1062 1827 1123 1866 51,
1151 1827 1171 1857 8
1198 1833 1241 1856 ne
1267 1823 1493 1857 comitiorum
1519 1820 1738 1855 militarium

986 1871 1284 1915 praerogativam
1323 1869 1470 1903 urbana
1511 1867 1656 1903 comitia
1695 1885 1738 1890 —

992 1921 1232 1962 sequerentur.

1039 1965 1129 2006 forti
1153 1964 1320 2007 fidelique
1355 1983 1395 1987 -
1430 1961 1556 2007 opera]
1594 1959 1740 1995 formel-

991 2010 1074 2046 haft
1085 2011 1142 2045 fiir
1153 2010 1426 2054 Anerkennung
1439 2011 1504 2044 der
1512 2008 1741 2051 Leistungen

992 2057 1270 2102 Untergebener
1289 2057 1365 2090 und
1390 2055 1739 2101 Bundesgenossen3

991 2106 1064 2150 vgl.
1099 2108 1118 2146 ξ
1151 2109 1170 2139 7
1207 2105 1351 2146 fortiter
1394 2104 1623 2147 feliciterque.
1680 2100 1740 2144 22,

992 2156 1049 2195 60,
1075 2155 1130 2186 20.
1157 2151 1217 2194 21,
1244 2155 1300 2194 44,
1328 2155 1359 2185 2.
1388 2150 1447 2192 23,
1475 2154 1531 2192 46,
1558 2153 1590 2184 6.

1042 2209 1077 2234 e.
1118 2199 1176 2242 10,
1218 2203 1247 2234 1.
1293 2209 1362 2242 per
1403 2197 1631 2242 dictatorem]
1682 2194 1742 2229 ein

995 2245 1121 2280 Grund
1147 2258 1209 2280 zur
1230 2245 1448 2289 Abhaltung
1468 2245 1531 2279 der
1552 2241 1742 2278 Komitien

996 2293 1110 2328 durch
1138 2292 1244 2327 einen
1271 2292 1447 2326 Diktator
1473 2292 1522 2325 ist
1547 2290 1653 2325 nicht
1679 2301 1742 2323 an-

995 2341 1180 2386 gegeben3
1208 2339 1432 2374 vermntlich
1463 2348 1538 2372 war
1571 2336 1741 2372 derselbe

996 2387 1190 2432 religioser
1215 2387 1295 2421 Art.

1043 2438 1075 2468 2.
1103 2447 1126 2469 α
1151 2435 1326 2468 dictatore
1354 2454 1394 2457 —
1424 2433 1536 2467 creati
1561 2430 1738 2475 consules]

996 2481 1030 2516 d.
1057 2482 1092 2515 h.
1119 2484 1228 2516 unter
1252 2481 1337 2514 dem
1363 2479 1529 2514 Vorsitze
1564 2479 1627 2513 des
1654 2477 1740 2511 Dik-

994 2530 1130 2570 tators3
1181 2527 1255 2572 vgl.
1291 2527 1456 2570 25,⁷41,
1497 2531 1538 2560 11
1584 2525 1744 2560 consules

998 2574 1177 2610 Claudius
1202 2575 1347 2609 creavit.
1391 2574 1452 2617 25,
1479 2577 1511 2616 2,
1540 2577 1561 2607 4
1587 2574 1744 2607 ‹lic-tator

996 2624 1130 2657 creat-it
1156 2623 1325 2656 consules.

1043 2673 1075 2703 4.
1102 2670 1320 2713 magistratu
1345 2666 1528 2712 abdicato]
1565 2665 1742 2710 gewehn-

1001 2715 1119 2750 licher
1150 2714 1232 2757 (wie
1265 2715 1359 2749 auch
1391 2716 1482 2749 stets
1512 2713 1572 2747 bei
1600 2711 1742 2756 Cicero)

1002 2762 1052 2796 ist
1089 2763 1259 2796 abdicare
1296 2772 1331 2796 se
1367 2762 1604 2805 viayistratm
1647 2758 1744 2793 doch

1003 2810 1086 2853 sagt
1119 2808 1198 2843 Liv.
1232 2807 1426 2843 mehrfach
1463 2808 1632 2842 abdicare
1667 2817 1742 2840 ma-

1001 2857 1211 2900 9istratu7n3
1242 2856 1317 2900 vgl.
1343 2855 1383 2899 6,
1411 2858 1472 2899 18,
1492 2859 1514 2889 4
1540 2853 1745 2889 abdicando

1002 2903 1233 2938 dictaturam.
