1953 3278
127 161 153 180 a.
174 154 225 180 Ch.
246 154 304 180 206.

621 142 765 178 LIBER
790 142 955 178 XXVIII.
1001 142 1102 178 CAP.
1133 147 1185 178 13.
1625 144 1681 185 29

129 266 227 306 que,
264 264 469 305 magnum
508 253 772 292 momentum
804 250 1011 304 facerent,
1050 251 1286 304 praemisso
1320 249 1465 292 Silano
1499 250 1552 291 ad
1584 249 1683 292 Cul-
1708 263 1728 293 3

128 311 252 352 cham
291 309 611 364 duodetriginta
643 309 812 363 oppidis
845 313 1113 363 regnantem,
1151 312 1199 350 ut
1230 309 1394 364 equites
1433 308 1681 364 peditesque

128 369 181 410 ab
228 382 299 421 eo,
343 382 448 422 quos
494 382 538 409 se
582 382 657 422 per
700 368 882 409 hiemem
928 368 1269 421 conscripturum
1316 368 1534 422 pollicitus
1578 371 1682 422 erat,

127 427 354 481 acciperet,
386 427 476 480 ipse
510 427 562 467 ab
596 426 839 467 Tarracone
872 426 1086 479 profectus
1120 426 1312 479 protinus
1347 427 1400 467 ab
1433 427 1577 481 sociis,
1609 427 1682 481 qui
1708 439 1729 468 4

126 486 325 527 accolunt
360 485 492 538 viam,
537 485 704 526 modica
741 484 1031 525 contrahendo
1068 484 1228 525 auxilia
1269 482 1544 526 Castulonem
1589 499 1680 539 per-

124 544 252 585 venit.

125 603 349 657 quingenti
381 602 557 656 equites.

315 558 364 585 eo
403 544 585 585 adducta
617 544 669 584 ab
703 542 848 584 Silano
893 543 1070 595 auxilia,
1116 543 1197 583 tria
1243 543 1360 583 milia
1405 544 1595 596 peditum
1640 547 1683 585 et
1708 556 1728 587 5

618 601 716 642 inde
748 601 800 641 ad
833 599 1063 641 Baeculam
1096 601 1241 641 urbem
1275 614 1531 655 progressus
1564 603 1680 644 omni

124 662 311 702 exercitu
355 662 508 702 civium
559 660 791 712 sociorum,
840 659 1032 713 peditum
1084 660 1357 713 equitumque
1408 661 1593 714 quinque
1639 664 1682 702 et

124 719 409 775 quadraginta
448 719 632 760 milibus.

695 720 834 759 castra
871 718 1071 771 ponentis
1105 732 1177 759 eos
1209 717 1338 772 Mago
1372 721 1414 759 et
1445 718 1678 761 Masinissa
1705 732 1725 763 6

123 793 217 820 cum
251 779 365 820 omni
398 778 591 832 equitatu
624 776 814 831 adgressi
847 779 959 830 sunt,
993 776 1325 831 turbassentque
1357 778 1601 831 munientis,
1633 779 1679 819 ni

123 837 258 877 abditi
302 839 401 890 post
443 835 656 876 tumulum
701 838 939 889 opportune
978 835 1031 876 ad
1074 835 1114 876 id
1156 836 1345 889 positum
1384 836 1438 877 ab
1478 835 1678 890 Scipione

122 896 288 949 equites
332 895 552 948 inproviso
595 894 640 934 in
679 894 834 935 effusos
873 894 1161 935 incurrissent.

1230 895 1267 935 ei
1306 895 1677 948 promptissimum
1706 908 1726 938 7

121 967 329 1007 quemque
363 958 405 994 et
435 953 628 1006 proxime
654 953 813 993 vallum
841 955 969 1007 atque
1001 954 1046 993 in
1078 953 1195 1007 ipsos
1225 954 1459 994 munitores
1491 954 1678 1007 primum

120 1013 335 1053 invectum
367 1011 538 1052 vixdum
571 1012 733 1066 proelio
766 1011 874 1053 inito
906 1011 1119 1052 fuderunt.
1170 1026 1266 1053 cum
1296 1013 1460 1065 ceteriS,
1493 1013 1565 1067 qui
1598 1013 1677 1054 sub

121 1071 255 1125 signis
283 1073 409 1124 atque
431 1070 576 1112 ordine
604 1070 788 1126 agminis
815 1070 1092 1123 incesserant,
1118 1071 1290 1124 longior
1315 1074 1358 1111 et
1383 1071 1454 1112 diu
1475 1072 1678 1126 ambigua

120 1143 265 1184 pugna
296 1130 392 1170 fuit.
450 1129 523 1170 sed
554 1143 650 1170 cum
683 1129 735 1170 ab
770 1129 1024 1170 stationibus
1056 1129 1242 1183 primum
1271 1129 1492 1184 expeditae
1525 1130 1677 1172 cohor-

118 1191 202 1240 tes,
241 1188 391 1229 deindc
423 1202 473 1229 ex
505 1202 631 1241 opere
668 1187 835 1229 deducti
873 1188 1032 1228 milites
1072 1191 1199 1242 atque
1234 1203 1353 1229 arma
1385 1203 1534 1242 capere
1571 1189 1678 1231 iussi
1705 1200 1725 1232 8

120 1247 264 1300 plures
292 1261 426 1302 usque
453 1250 496 1288 et
521 1247 676 1301 integri
703 1246 826 1287 fessis
855 1247 1061 1301 subirent,
1093 1260 1382 1301 magnumque
1408 1248 1495 1288 iam
1522 1262 1678 1302 agmen

121 1308 381 1347 armatorum
421 1320 445 1346 a
483 1306 634 1347 castris
679 1305 723 1346 in
767 1305 978 1359 proelium
1022 1308 1181 1359 rueret,
1225 1308 1349 1361 terga
1392 1305 1506 1346 haud
1551 1306 1677 1348 dubie

119 1367 291 1405 vertunt
322 1363 454 1405 Poeni
485 1363 794 1418 Numidaeque.

858 1366 901 1405 et
932 1364 1071 1418 primo
1104 1365 1327 1405 turmatim
1361 1365 1539 1406 abibant
1570 1365 1677 1407 nihil
1703 1377 1723 1408 9

120 1426 295 1477 propter
319 1437 522 1477 pavorem
549 1423 924 1464 festinationemve
945 1423 1133 1464 confusis
1155 1423 1396 1477 ordinibus,
1423 1423 1534 1477 dein,
1561 1428 1676 1478 post-

121 1496 248 1535 quam
286 1483 424 1523 acrius
462 1481 625 1523 ultimis
664 1481 880 1523 incidebat
917 1481 1140 1524 Romanus
1184 1496 1322 1536 neque
1364 1483 1563 1524 sustineri
1601 1484 1677 1524 im-

164 1642 335 1677 maynum
396 1635 609 1667 momentum
675 1632 856 1678 facerent]

117 1679 248 1722 „einen
303 1678 558 1714 bedentenden
608 1679 860 1724 Umschwung

117 1725 407 1771 hervorbringen
431 1726 670 1761 konnten.“
708 1737 859 1761 momen-

116 1776 208 1807 tum:
241 1773 311 1817 eig.
339 1773 404 1807 das
435 1773 496 1808 die
522 1773 768 1818 Wageschale
794 1774 858 1809 be-

117 1819 293 1864 wegende
319 1819 504 1863 Gewicht3
537 1821 652 1855 daun:
685 1820 744 1854 die
778 1821 858 1855 eine

116 1866 397 1911 Entscheidung
409 1866 720 1902 herbeifiihrende
732 1867 857 1909 Kraft;

117 1913 232 1947 daher
259 1924 437 1958 parvum,
469 1914 557 1957 leve,
588 1925 762 1959 magnum
789 1925 860 1949 mo-

117 1963 282 1996 mentum.
299 1959 368 1995 Die
381 1961 578 2006 Richtung,
593 1961 688 1996 nach
701 1961 860 1996 welcher

116 2007 196 2042 sich
216 2007 276 2042 die
290 2007 568 2052 Entscheidung
587 2008 745 2053 bewegt,
760 2009 861 2044 steht

115 2054 184 2088 mit
197 2055 239 2089 in
253 2065 283 2088 c.
295 2065 415 2090 accus.
435 2055 509 2099 vgl.
523 2067 552 2090 c.
567 2059 621 2098 17,
636 2059 678 2090 10
689 2066 860 2101 maynum

115 2101 157 2135 in
187 2102 310 2136 omnia
334 2105 548 2137 momentum
574 2102 663 2137 oder
689 2103 757 2145 ad;
782 2102 856 2148 vgl.

115 2147 181 2191 37,
209 2152 270 2192 30,
297 2152 318 2183 3
343 2150 543 2184 maximum
570 2153 784 2184 momentum
809 2150 859 2185 ad

113 2195 313 2230 victoriam.

163 2246 195 2277 3.
221 2243 271 2278 ad
297 2242 468 2278 Culcham
499 2243 772 2289 duodetriyinta
797 2254 858 2288 op-

114 2289 215 2333 pidis
234 2290 457 2336 regnantem]
479 2289 539 2324 bei
553 2290 727 2334 Polybius
746 2290 859 2325 heisst

116 2346 155 2370 er
186 2335 378 2378 Kolieha33
417 2339 520 2372 sonst
553 2338 778 2372 unbekannt.
813 2358 857 2363 —

114 2383 261 2427 oppidis
279 2383 327 2417 ist
339 2383 501 2419 Ablativ.
523 2384 604 2428 loci,
618 2384 687 2419 wie
707 2395 858 2429 reynare

115 2429 210 2464 auch
252 2433 356 2464 sonst
392 2430 461 2465 mit
498 2431 618 2465 einem
654 2430 857 2467 Lokativus

114 2476 328 2511 verbunden
348 2476 457 2520 wird;
477 2478 550 2522 vgl.
567 2477 600 2521 1,
618 2482 674 2523 60,
689 2482 709 2513 3
729 2489 857 2524 reyna-

112 2526 190 2566 tum
215 2523 362 2559 Romae.

161 2574 194 2605 4.
209 2571 452 2605 contrahendo
466 2571 627 2617 auxilia]
645 2573 775 2615 „unter
789 2573 855 2606 Zu-

116 2618 442 2663 samgnenziehung
471 2619 585 2660 von“;
618 2619 859 2655 contrahendo

114 2663 164 2699 ist
205 2664 373 2699 modaler
415 2664 569 2699 Ablativ
612 2665 676 2700 des
720 2664 857 2700 Gerun-

114 2710 254 2756 diums,
279 2711 396 2746 durch
421 2711 588 2747 welchen
614 2712 693 2746 Liv.
719 2712 857 2747 ausser—

115 2757 323 2793 ordentlich
366 2758 422 2794 oft
465 2758 698 2803 bezeichnet‚
748 2761 858 2794 unter

114 2804 282 2840 welchen
300 2806 531 2841 Umst'anden
555 2806 631 2840 und
656 2808 764 2841 unter
789 2805 856 2842 Be·

113 2851 285 2898 gleitung
307 2852 469 2888 welcher
487 2852 857 2899 Nebenhandlungen

115 2897 197 2934 eine
222 2899 544 2946 Haupthandlung
570 2900 714 2946 erfolgt.

980 1637 1012 1667 5.
1033 1643 1246 1679 proyressus
1271 1634 1370 1667 omni
1395 1633 1570 1679 exercitu]
1599 1644 1674 1679 erg.

931 1683 998 1722 est;
1025 1692 1106 1714 zum
1133 1679 1331 1714 fehlenden
1357 1691 1438 1715 cum
1463 1680 1536 1726 vgl.
1557 1681 1592 1724 6,
1606 1685 1639 1725 3,
1655 1685 1676 1716 5

931 1728 1095 1772 expedito
1114 1728 1273 1762 exercitu
1289 1728 1484 1771 profectus.
1512 1727 1546 1771 4,
1561 1732 1619 1772 46,
1634 1731 1675 1762 12

930 1785 1022 1810 novo
1047 1775 1206 1809 evercitu
1224 1774 1420 1818 profectus.

980 1825 1012 1856 6.
1039 1826 1238 1866 opportune
1264 1822 1313 1856 acl
1343 1822 1383 1856 icl
1409 1822 1586 1867 positum]
1618 1821 1677 1856 fiir

925 1869 1070 1912 positus
1086 1869 1236 1903 =situs
1261 1869 1334 1913 vgl.
1351 1880 1380 1903 c.
1397 1872 1451 1911 17,
1474 1872 1516 1903 10
1540 1869 1677 1911 finibus

933 1916 1040 1950 etiam
1069 1917 1173 1960 regini
1198 1919 1280 1960 apte
1305 1916 1354 1950 acl
1379 1916 1605 1960 Hispaniam
1631 1936 1676 1941 --

959 1963 1070 1997 ositis.

929 1973 955 2006 Ρ
982 2013 1011 2044 7.
1028 2010 1190 2053 primum
1210 2009 1406 2055 invectum]
1428 2009 1517 2053 „der
1536 2009 1591 2044 als
1611 2009 1677 2044 der

933 2058 1029 2091 erste
1045 2058 1275 2101 angestfirmt
1288 2058 1403 2098 war“;
1424 2068 1497 2091 von
1516 2057 1677 2092 invectus

932 2103 1050 2148 hangt
1092 2104 1186 2138 auch
1224 2104 1392 2147 promime
1434 2104 1570 2138 vallum
1610 2104 1674 2146 ab;

931 2151 1004 2195 vgl.
1037 2149 1104 2193 23,
1139 2154 1200 2193 15,
1235 2154 1252 2184 1
1292 2151 1341 2184 acl
1378 2161 1476 2185 mare
1507 2152 1676 2195 proxime

930 2197 1125 2242 Neapolim
1151 2198 1341 2232 deseendit.

977 2245 1105 2279 ordine
1138 2244 1311 2290 aymim's]
1348 2244 1409 2286 „in
1442 2243 1673 2279 Marschord-

930 2293 1055 2336 nung“
1089 2292 1164 2336 vgl.
1192 2303 1221 2326 c.
1249 2295 1287 2334 2,
1316 2296 1358 2326 15
1384 2292 1528 2326 itineris
1559 2293 1672 2327 modo.

978 2342 1009 2374 8.
1033 2340 1160 2383 plures
1190 2339 1316 2384 usque]
1344 2338 1498 2382 „immer
1528 2339 1674 2381 mehr“;

930 2396 1040 2431 usque
1066 2387 1126 2421 bei
1151 2386 1230 2420 Liv.
1258 2398 1326 2420 nur
1353 2386 1482 2429 selten,
1509 2385 1676 2422 schliesst

931 2432 1011 2467 sich
1025 2443 1071 2467 an
1085 2432 1352 2478 Komparative
1367 2443 1425 2476 an,
1446 2433 1590 2477 vgl.10,
1605 2437 1638 2477 2,
1653 2437 1674 2468 8

932 2481 1075 2525 longius
1100 2491 1212 2524 usque
1237 2492 1260 2514 a
1281 2480 1438 2514 navibus
1457 2481 1672 2524 procedunt.

930 2526 998 2570 39,
1019 2531 1082 2571 31,
1102 2531 1122 2561 3
1149 2538 1260 2571 usque
1283 2528 1406 2571 plures
1425 2527 1672 2570 confertiores-

930 2585 996 2618 que
1020 2575 1154 2609 medios
1177 2575 1364 2619 uryebant.

979 2624 1009 2655 9.
1055 2621 1194 2655 ultimis
1240 2621 1423 2656 incidebat
1465 2620 1670 2667 Romanus]

930 2679 994 2701 zur
1011 2668 1271 2712 Bezeichnung
1297 2668 1361 2702 des
1385 2668 1674 2702 anstsirmenden

931 2713 1096 2759 Gegners
1130 2716 1214 2758 sagt
1244 2713 1322 2750 Liv.
1357 2716 1461 2749 sonst
1492 2716 1582 2749 stets
1616 2716 1673 2749 in-

930 2761 1047 2795 cidere
1071 2762 1113 2795 in
1138 2762 1310 2805 aliquem
1337 2761 1412 2805 vgl.
1440 2760 1475 2804 8,
1501 2764 1534 2803 8,
1562 2765 1604 2796 13
1632 2763 1673 2797 in

928 2807 1070 2849 hostem,
1095 2808 1131 2850 9,
1157 2811 1190 2851 2,
1216 2812 1236 2842 3
1263 2809 1303 2842 in
1323 2808 1574 2852 praedatores,
1601 2808 1672 2844 den

928 2854 1039 2889 Dativ
1061 2865 1132 2889 von
1151 2855 1336 2889 Personen
1355 2867 1423 2889 nur
1448 2855 1557 2890 hier.
1599 2855 1671 2890 Da-

928 2911 1048 2946 gegen
1078 2901 1117 2936 in
1149 2901 1214 2936 der
1238 2901 1458 2947 Bedeutung
1489 2902 1672 2946 „fiiehend
