1953 3278
190 397 231 427 13
258 376 525 417 interierunt.

257 150 313 192 80
707 150 850 184 LIBER
874 149 1039 186 xxvin.
1089 150 1189 186 CAP.
1217 155 1272 186 36.
1299 155 1353 187 37.

1638 169 1664 186 a.
1686 170 1715 188 u.
1735 164 1801 189 548.

188 278 231 309 12
257 259 469 301 moliendo
493 271 622 309 mora
654 258 784 309 esset,
821 257 1087 311 praecidunt,
1129 257 1337 312 multique
1369 259 1575 301 adnantes
1607 260 1802 315 navibus,

257 318 418 359 incerto
455 330 556 370 prae
593 315 803 368 tenebris,
847 315 949 369 quid
989 318 1062 357 aut
1097 318 1290 369 peterent
1329 320 1403 358 aut
1439 318 1644 373 vitarent,
1681 319 1804 361 foede

586 376 758 428 postero
792 373 857 414 die
890 388 985 415 cum
1017 374 1165 415 classis
1203 374 1299 416 inde
1338 378 1451 418 retro
1492 377 1543 418 ad
1577 376 1804 432 Oceanum,

257 434 369 475 unde
407 435 600 486 venerat,
644 432 843 487 fugisset,
887 433 939 474 ad
985 433 1256 488 octingentos
1301 433 1494 476 homines
1538 437 1649 477 caesi
1692 436 1805 478 inter

258 506 425 533 murum
457 492 642 545 litusque
674 494 717 532 et
749 491 801 532 ad
833 491 916 533 duo
949 492 1068 533 milia
1101 506 1316 534 armorum
1348 493 1532 535 inventa.

372 549 501 604 Mago
546 564 640 591 cum
679 549 810 591 Gadis
854 551 1096 604 repetisset,
1139 551 1334 592 exclusus
1379 551 1475 593 inde
1519 552 1571 593 ad
1611 551 1802 596 Cimbios

257 633 309 638 ——
351 608 466 650 haud
498 609 645 664 procul
678 624 702 650 a
735 608 926 651 Gadibus
965 610 1000 651 is
1039 610 1156 651 locus
1195 610 1318 651 abest
1359 634 1407 639 —
1451 610 1584 652 classe
1616 612 1806 667 adpulsa,

256 668 477 709 mittendis
517 668 673 722 legatis
712 668 1029 723 querendoque,
1068 668 1180 724 quod
1219 671 1370 722 portae
1407 669 1488 710 sibi
1531 669 1646 711 socio
1679 674 1806 725 atque

209 741 228 771 2
257 726 391 768 amico
437 727 604 768 clausae
648 727 812 781 forent,
856 728 1140 782 purgantibus
1184 727 1237 768 iis
1275 728 1560 769 multitudinis
1599 742 1807 770 concursu

255 785 431 840 factum,
463 786 644 827 infestae
671 786 725 827 ob
752 786 921 840 direpta
947 786 1154 840 quaedam
1182 787 1235 828 ab
1263 786 1649 828 conscendentibus
1675 802 1805 829 naves

255 844 484 898 militibus,
524 844 576 885 ad
609 844 880 899 conloquium
919 845 1077 886 sufetes
1117 860 1279 898 eorum,
1319 846 1391 900 qui
1431 860 1622 887 summus
1654 845 1808 888 Poenis

257 911 322 945 est
353 904 644 957 magistratus,
676 917 772 944 cum
799 907 1023 957 quaestore
1050 904 1205 956 elicuit,
1239 904 1531 959 laceratosque
1559 905 1804 947 verberibus

208 976 228 1006 3
256 962 370 1003 cruci
402 962 532 1017 adfigi
562 962 705 1016 iussit3
736 961 833 1003 inde
865 962 1048 1003 navibus
1080 962 1132 1003 ad
1164 962 1387 1016 Pityusam
1420 963 1604 1004 insulam
1637 966 1807 1005 centum

256 1021 374 1063 milia
417 1022 549 1063 ferme
589 1035 614 1062 a
652 1021 888 1063 continenti
935 1045 981 1050 —
1031 1021 1165 1062 Poeni
1202 1024 1293 1062 tum
1334 1036 1426 1063 eam
1467 1022 1712 1064 incolebant
1753 1046 1806 1053 -

209 1093 230 1124 4
256 1080 434 1121 traiecit.

496 1081 640 1134 itaque
673 1080 823 1121 classis
856 1079 970 1120 bona
1002 1094 1098 1121 cum
1129 1094 1233 1134 pace
1265 1084 1440 1134 accepta
1471 1083 1553 1133 est,
1584 1095 1662 1122 nec
1693 1095 1804 1122 com-

257 1142 421 1180 meatus
460 1140 585 1180 modo
623 1139 806 1194 benigne
846 1139 1046 1192 praebiti,
1088 1139 1159 1180 sed
1198 1139 1243 1179 in
1285 1139 1627 1193 supplementum
1660 1140 1807 1180 classis

256 1198 453 1240 iuventus
492 1212 692 1252 armaque
737 1198 848 1239 data.

303 1360 494 1406 moliendo]
529 1359 678 1395 absolut
704 1377 746 1389 =
773 1360 994 1395 Aufwinden

256 1408 320 1442 des
353 1407 513 1450 Ankers;
553 1407 787 1452 gewohnlich
821 1407 891 1442 mit
923 1407 992 1443 Ob-

252 1454 351 1499 jekt3
383 1454 456 1498 vgl.
485 1466 514 1489 c.
545 1458 605 1498 17,
634 1459 675 1489 15
708 1466 861 1490 ancoras
893 1456 993 1490 moli-

254 1506 391 1537 rentur.
425 1514 453 1536 c.
478 1506 509 1546 7,
536 1506 554 1536 7
583 1502 627 1536 ab
653 1506 749 1537 terra
775 1513 882 1537 naves
909 1506 993 1545 (mo-

255 1550 347 1593 liri),
387 1549 481 1583 ohne
521 1549 659 1594 Objekt
694 1550 805 1584 meist
838 1566 882 1579 =
917 1550 994 1584 auf—

255 1597 430 1639 brechen;
470 1596 543 1640 vgl.
577 1608 605 1631 c.
639 1601 700 1640 44,
734 1600 754 1631 6
791 1598 913 1632 moliri
951 1618 993 1622 —

254 1644 338 1678 hinc
364 1644 622 1678 Hannibalem.

306 1694 358 1725 12.
386 1691 536 1736 incerto]
565 1702 647 1724 zum
667 1691 995 1736 unvollstandigen

256 1737 377 1773 Ablat.
395 1738 601 1778 absolutus;
626 1738 699 1782 vgl.
716 1749 745 1772 c.
764 1742 816 1782 17,
835 1742 876 1772 13
896 1739 996 1773 haud

255 1786 424 1829 cuiquam
449 1786 569 1819 dubio.
609 1796 638 1819 c.
660 1789 715 1828 27,
745 1790 786 1820 15
811 1789 993 1821 summoto.

306 1837 358 1867 13.
387 1833 434 1867 ad
454 1833 690 1878 octingentos]
712 1832 877 1877 h‘aufiger
895 1833 996 1867 steht

256 1880 305 1914 ad
350 1879 408 1913 bei
458 1879 688 1923 ungef‘ahren
734 1879 995 1925 Zahlangaben

256 1927 351 1961 ohne
383 1926 534 1961 Einflufs
563 1927 629 1962 auf
656 1927 727 1962 den
761 1927 888 1970 Casus,
920 1926 994 1969 vgl.

252 1974 387 2018 jedoch
421 1973 482 2018 30,
508 1978 570 2017 35,
598 1979 617 2009 3
643 1975 791 2009 victores
823 1975 871 2009 ad
902 1975 997 2008 mille

258 2024 289 2054 et
313 2022 524 2066 quinyentos
549 2022 711 2056 cecidere.

303 2069 374 2103 duo
394 2069 497 2102 milia
523 2069 720 2113 armorum]
745 2072 835 2103 2000
857 2067 996 2102 Stiick

255 2115 484 2160 Riistungen.

305 2219 339 2244 c.
367 2210 427 2252 37,
457 2215 485 2244 1.
537 2211 586 2244 ad
613 2209 784 2254 Cimbios]
812 2209 870 2243 die
898 2209 997 2254 Lage

258 2257 322 2291 des
349 2256 455 2291 Ortes
481 2256 530 2291 ist
554 2257 780 2294 unbekannt.

305 2307 336 2337 2.
364 2305 613 2350 puryantibus
645 2304 706 2349 iis]
746 2304 778 2337 d.
812 2304 848 2337 h.
883 2303 995 2337 Gadi-

260 2352 376 2392 tanis;
411 2363 575 2396 puryare
611 2352 681 2385 mit
718 2351 800 2384 dem
836 2350 997 2384 Infinitiv

260 2415 303 2425 =
330 2398 408 2441 ⁷,als
440 2398 762 2443 Entschuldigung
793 2398 995 2432 anfiihren“

258 2445 332 2489 vgl.
355 2445 413 2488 24,
435 2449 491 2489 47,
513 2450 532 2480 6
558 2446 715 2490 Arpinis
737 2445 995 2491 purqantibus,

257 2493 406 2536 iqnaros
449 2504 483 2527 se
520 2513 564 2518 —
602 2504 729 2527 venum
772 2493 890 2534 datos,
935 2491 995 2534 21,

261 2542 321 2580 18,
354 2543 373 2573 2
406 2541 439 2574 si
473 2541 699 2582 defenderent
732 2540 878 2584 publico
917 2549 998 2573 con-

256 2587 340 2621 silio
358 2588 504 2628 factum.

305 2635 449 2679 sufetes]
494 2635 554 2669 ein
596 2634 853 2679 phonizisches
891 2633 1000 2667 Wort

257 2682 490 2725 schophea'm;
537 2693 575 2716 es
613 2681 694 2716 sind
732 2681 790 2715 die
829 2681 998 2715 obersten

258 2728 497 2772 Magistrate,
530 2729 619 2763 zwei
650 2741 694 2762 an
721 2728 827 2770 Zahl,
861 2727 999 2761 welche

258 2786 328 2808 von
351 2777 450 2810 einer
472 2776 696 2811 beratenden
715 2775 999 2819 Versammlung

262 2823 443 2865 umgeben
458 2834 596 2865 waren,
612 2824 684 2868 vgl.
695 2823 754 2866 30,
765 2827 796 2864 7,
807 2827 826 2857 5
837 2825 999 2856 senatum

260 2889 302 2892 —
330 2871 459 2912 sufetes
483 2875 708 2905 vocaverunt.

308 2926 385 2950 cum
424 2917 622 2962 quaestore]
656 2917 795 2961 infolge
834 2916 898 2950 der
935 2926 998 2959 ge—

916 1212 1096 1252 quorum
1139 1198 1293 1239 fiducia
1331 1196 1499 1239 Poenus
1544 1198 1588 1238 in
1625 1197 1808 1239 Baliaris

1067 1360 1301 1396 wo'hnlichen
1322 1351 1586 1405 llbertragung
1605 1360 1809 1395 romischer

1067 1408 1339 1452 Benennungen
1373 1407 1439 1442 auf
1469 1407 1691 1452 auswiirtige
1717 1406 1808 1442 Ver÷

1066 1454 1246 1489 haltnisse
1276 1457 1359 1499 sagt
1384 1454 1462 1489 Liv.
1489 1455 1584 1488 auch
1610 1453 1677 1496 21,
1707 1457 1760 1497 12,
1789 1458 1808 1490 7

1061 1506 1263 1547 praetorem
1289 1502 1551 1546 Sayunstnum,
1577 1501 1651 1536 und
1677 1501 1808 1536 beson-

1068 1550 1149 1584 ders
1169 1549 1230 1593 33,
1250 1554 1306 1593 46,
1327 1553 1347 1583 3
1368 1559 1439 1583 von
1454 1548 1656 1593 Carthago:
1673 1559 1808 1592 prae-

1067 1601 1135 1631 tor
1165 1598 1285 1639 factus
1316 1595 1511 1630 Hannibal
1540 1596 1663 1630 vocari
1695 1596 1742 1630 acl
1774 1606 1809 1630 se

1066 1648 1344 1688 quaestorem
1370 1644 1486 1678 iussit.

1113 1702 1250 1747 elicuit]
1291 1701 1371 1735 hier
1403 1712 1530 1745 wegen
1570 1701 1636 1735 der
1670 1700 1808 1735 hinter-

1066 1750 1216 1794 listigen
1244 1748 1400 1783 Absicht
1429 1749 1520 1783 statt
1545 1747 1608 1783 des
1634 1748 1808 1792 gewfihn-

1067 1797 1189 1831 lichen
1221 1806 1365 1830 evocare
1401 1795 1450 1830 ad
1485 1795 1711 1840 conloquium
1749 1794 1809 1838 25,

1067 1847 1122 1886 28,
1144 1848 1176 1878 3.
1203 1843 1263 1886 30,
1286 1846 1340 1884 12,
1362 1846 1382 1877 8
1410 1859 1454 1871 =
1479 1853 1544 1876 aus
1574 1842 1676 1876 einer
1702 1841 1811 1876 Stadt

1068 1892 1156 1926 oder
1181 1890 1344 1934 Festung
1370 1889 1619 1924 herausrufen.

1115 1950 1357 1994 laceratosque
1388 1947 1607 1993 verberibus]
1641 1947 1715 1993 vgl.
1749 1947 1810 1991 21,

1069 2001 1101 2040 2,
1129 2001 1148 2032 6
1182 1997 1366 2031 tormentis
1397 2006 1533 2040 quoque
1565 2006 1645 2030 cum
1674 1995 1811 2030 lacera—

1068 2048 1178 2079 retur.
1228 2042 1287 2086 24,
1311 2048 1343 2086 5,
1366 2047 1405 2077 11
1435 2043 1656 2077 cruciatibus
1675 2042 1810 2077 lacera-

1069 2095 1186 2133 retur,
1213 2090 1448 2135 gewohnlich
1468 2100 1539 2123 von
1561 2088 1812 2134 korperlicher

1069 2139 1143 2173 und
1183 2137 1358 2182 geistiger
1396 2135 1688 2180 Misshandlung:
1733 2145 1806 2170 zer-

1070 2187 1239 2228 martert,
1267 2184 1481 2219 zerfleischt.

1118 2248 1149 2278 3.
1172 2243 1363 2287 Pityusam
1376 2241 1551 2286 insulam]
1564 2241 1623 2275 die
1635 2241 1811 2284 Pityusen

1071 2291 1153 2325 sind
1168 2291 1255 2324 zwei
1269 2289 1408 2331 Inseln;
1431 2288 1524 2323 doch
1540 2288 1634 2323 auch
1649 2287 1709 2332 22,
1721 2291 1777 2331 20,
1791 2291 1809 2322 7

1070 2337 1162 2372 wird
1183 2348 1251 2371 nur
1277 2336 1335 2370 die
1355 2336 1626 2371 bedeutendere
1647 2334 1810 2369 Ebusum

1070 2385 1244 2419 erwahnt.

1116 2447 1148 2477 4.
1188 2443 1281 2477 bona
1319 2453 1398 2476 cum
1429 2441 1536 2486 pace]
1576 2439 1810 2475 formelhafte

1070 2490 1268 2534 VVendung
1287 2501 1350 2523 zur
1369 2487 1627 2532 Bezeichnung
1645 2488 1708 2522 der
1722 2486 1809 2521 Auf-

1071 2536 1287 2579 richtigkeit
1309 2535 1557 2579 friedfertiger
1578 2534 1807 2578 Gesinnung3

1071 2584 1144 2628 vgl.
1177 2584 1236 2627 21,
1278 2587 1334 2623 24,
1366 2588 1397 2617 5.
1448 2586 1504 2625 32,
1540 2586 1569 2616 6.
1624 2583 1654 2623 1,
1687 2584 1742 2623 24,
1776 2585 1807 2615 3.

1071 2631 1136 2674 30,
1164 2636 1224 2673 21,
1251 2634 1282 2665 8.
1311 2630 1350 2672 S,
1381 2633 1439 2673 15,
1467 2628 1694 2674 13vg1.29,
1724 2632 1759 2670 1,
1789 2632 1806 2661 7

1071 2690 1151 2713 cum
1176 2679 1270 2712 bona
1293 2678 1410 2712 venia.

1118 2725 1282 2770 beniqne]
1305 2737 1367 2758 zur
1386 2722 1641 2765 Bezeichnung
1661 2721 1724 2755 der
1742 2720 1810 2755 Ge.-

1072 2772 1230 2816 sinnung
1251 2772 1315 2806 des
1337 2771 1473 2805 Gebers
1492 2767 1642 2812 ‚,willig,
1662 2768 1807 2802 freund-

1071 2820 1187 2860 lich“;
1215 2819 1287 2863 vgl.
1315 2818 1375 2860 27,
1400 2821 1456 2859 45,
1487 2820 1527 2850 10
1565 2816 1712 2859 beniyne
1737 2826 1809 2850 om—

1070 2868 1136 2901 nia
1168 2867 1351 2900 cumulata
1383 2865 1477 2898 dare.
1542 2862 1600 2904 26,
1634 2866 1665 2905 9,
1699 2867 1718 2897 5
1751 2873 1811 2897 eae-

1066 2914 1198 2958 positis
1225 2913 1373 2956 beniyne
1398 2910 1656 2946 commeatibus.
