1953 3278
264 131 347 172 112

933 131 1149 167 ANHANG.

355 237 404 272 ib.
431 241 451 272 9
478 238 630 288 ecijctum
655 236 808 271 subinde
827 237 1071 280 propositum]
1098 240 1131 270 et
1152 237 1305 272 edic‘tum
1323 239 1476 274 subinde
1496 239 1622 285 (pro)
1643 241 1815 284 positum.

425 283 521 318 nach
543 283 569 325 j.
596 282 732 317 Hdsch.
760 294 793 316 u.
820 281 893 316 Md.

356 331 404 365 ib.
435 334 476 364 10
502 330 657 373 carptim
677 329 817 374 partes]
844 330 999 373 carptim
1024 328 1149 375 (per)
1168 333 1303 374 partes.
1333 330 1492 367 Gronov,

355 377 404 411 ib.
436 381 476 410 11
503 376 711 410 seditionem
733 387 799 419 per
823 376 874 420 se]
900 376 1111 410 seditionem
1135 377 1210 411 iam
1231 387 1300 422 per
1323 388 1359 412 se
1385 380 1426 412 Σ.

356 433 394 458 c.
421 423 482 465 26,
509 427 528 457 3
556 423 651 457 unde
676 423 783 467 culpa
809 423 906 468 orta]
934 424 1029 457 vunde
1053 427 1134 458 orta
1160 424 1278 467 culpa.
1307 426 1350 459 Σ.

356 470 404 504 ib.
435 474 452 503 7
480 480 555 504 non
580 472 673 504 metu
698 469 811 515 omni]
838 480 913 505 non
937 473 1031 504 metu
1056 470 1159 505 modo
1185 472 1283 505 omni
1308 472 1352 506 Σ.

357 517 404 551 ib.
435 520 476 551 13
503 518 638 551 armati
664 528 685 550 a
706 518 825 561 portis
850 517 981 551 inermi
1006 518 1167 552 contioni
1190 517 1240 563 se]
1280 529 1303 552 a
1323 519 1442 562 portis
1468 521 1604 554 armati
1629 522 1759 556 inermi
1785 532 1820 556 se

427 564 596 599 contioni.
625 565 666 599 Σ.

356 620 391 645 c.
418 610 479 651 27,
507 614 527 644 3
553 611 602 645 ad
626 611 703 655 vos]
731 611 831 654 apud
859 621 917 645 vos
944 612 985 644 Σ.

358 657 406 692 ib.
436 661 454 692 5
483 658 655 703 Ileryetes
681 668 724 692 ac
749 656 944 703 Lacetani]
971 657 1142 702 Iler-§eles
1167 662 1198 693 et
1224 658 1403 693 Lacetani
1429 661 1471 693 Σ,

359 704 407 738 ib.
438 708 480 738 10
505 705 701 739 exercitum
727 705 889 750 mortem]
915 706 1109 739 eaeercitum
1134 716 1248 740 meum
1273 710 1418 741 mortem
1447 708 1487 740 Σ.

357 751 405 786 ib.
435 754 475 785 11
504 755 536 786 et
562 752 658 786 venti
684 755 715 785 et
740 752 870 795 aurae]
896 755 938 785 ut
961 754 1058 786 venti
1084 756 1117 786 et
1142 763 1255 787 aurae
1281 754 1324 787 Σ.

359 808 394 833 e.
425 798 485 840 ⁸28,
512 802 532 832 9
559 799 690 842 fuyavi
714 799 854 843 expuli]
883 798 1013 843 ἴημα-ι’
1038 799 1230 843 Hispania
1254 801 1388 844 eccpuli.
1418 802 1459 834 Σ.

356 845 406 880 ib.
435 850 474 879 11
502 845 587 879 huic
611 845 757 889 srayili]
783 846 914 890 fraqili
938 846 1023 880 huic
1049 848 1090 880 Σ.

358 892 407 927 ib.
439 895 479 926 12
509 891 546 926 C.
573 891 782 934 Flaminio,
816 892 972 926 Aemilio
998 892 1134 935 Paulo,
1165 893 1377 938 Sempronio
1403 894 1582 940 Graccho]
1618 895 1820 939 Flaminio,

432 939 564 981 Paulo,
590 938 753 973 Graccho
780 939 821 973 Σ.

358 985 406 1021 ib.
434 986 531 1020 elata
555 996 610 1020 res
630 985 783 1029 publica
808 985 908 1030 esset]
947 986 1042 1020 elata
1066 987 1194 1030 populi
1219 986 1380 1021 Romani
1403 991 1489 1022 esset
1512 999 1567 1023 res
1590 990 1748 1033 publica.
1778 991 1820 1024 Σ.

356 1032 405 1066 ib.
437 1037 478 1067 15
505 1044 609 1066 arma
636 1043 715 1067 cum
743 1032 877 1066 Poenis
902 1036 1027 1067 contra
1048 1033 1230 1078 patriam]
1258 1044 1362 1068 arma
1387 1038 1513 1069 contra·
1537 1037 1698 1079 patriam
1725 1038 1765 1070 Σ.

357 1089 392 1115 c.
419 1080 482 1123 30,
509 1083 529 1114 6
551 1082 663 1123 portu
691 1078 871 1124 Carteiae]
899 1090 916 1113 e
934 1083 1048 1123 portu
1075 1080 1240 1115 Carteiae
1265 1082 1310 1116 Σ.

354 1126 404 1161 ib.
432 1127 473 1160 in
499 1127 738 1161 Adherbalem
764 1126 962 1171 invehitur]
991 1127 1033 1161 in
1058 1127 1298 1163 Adherbalem
1324 1138 1367 1162 ac
1394 1128 1552 1163 triremes
1576 1129 1758 1165 invehitur
1778 1132 1821 1164 Σ.

358 1174 406 1208 ib.
435 1177 455 1208 9
482 1177 514 1208 et
538 1173 749 1219 fuqientem]
776 1176 817 1207 ut
841 1174 1047 1218 t'uyientem.
1074 1176 1117 1208 Σ.

361 1220 410 1255 ib.
441 1225 483 1255 10
509 1223 650 1264 repente
675 1220 787 1266 torta]
814 1224 955 1265 repente
979 1222 1116 1256 intorta
1143 1223 1185 1254 Σ.

359 1278 392 1302 c.
420 1267 480 1309 31,
507 1271 528 1301 4
553 1268 756 1313 hortentur]
782 1269 1026 1302 hortarentur.
1054 1270 1096 1303 Σ.

356 1315 406 1349 ib.
436 1319 454 1349 7
481 1315 639 1359 equitum
666 1314 714 1348 M
720 1315 769 1348 M
798 1318 830 1350 et
862 1315 1086 1361 quinyentis]
1118 1315 1258 1350 duobus
1290 1316 1435 1350 milibus
1467 1317 1623 1360 equitum
1657 1320 1689 1352 et
1719 1318 1824 1362 quin-

426 1363 542 1406 yentis
568 1363 610 1396 Σ.

357 1418 393 1443 c.
422 1409 481 1451 32,
509 1413 528 1443 6
555 1419 629 1443 non
654 1419 697 1443 ea:
722 1408 840 1442 Italia
865 1409 946 1454 aut]
974 1419 1047 1444 non
1073 1413 1146 1444 aut.
1177 1409 1302 1443 Aldus.

357 1455 407 1490 ib.
436 1459 456 1489 9
482 1456 588 1490 duces
613 1455 698 1501 esse]
727 1456 833 1490 duces
859 1457 902 1489 Σ.

358 1512 395 1538 c.
422 1502 482 1545 33,
509 1506 529 1536 2
557 1513 600 1537 ex
624 1503 794 1546 hostium]
821 1513 864 1537 cm
894 1504 1054 1547 ipsorum
1078 1503 1232 1538 hostium
1258 1505 1301 1537 Σ.

356 1550 406 1585 ib.
434 1553 453 1583 5
480 1561 534 1585 res
558 1551 636 1594 ρει-ι’
662 1553 786 1593 coepta
811 1550 876 1595 est]
905 1561 960 1584 res
986 1555 1110 1594 coepta
1134 1551 1212 1596 qeri
1237 1554 1286 1585 est
1311 1553 1354 1586 Σ.

357 1597 407 1633 ib.
436 1600 456 1631 8
483 1598 599 1632 omnis
623 1597 820 1642 equitatus]
847 1601 880 1632 et
905 1598 1021 1632 omnis
1046 1599 1237 1642 equitatus.
1267 1599 1308 1632 Σ.

360 1643 408 1679 ib.
440 1648 479 1678 11
504 1644 638 1689 posset]
659 1645 777 1688 possit
803 1645 845 1677 Σ.

359 1691 407 1725 ib.
438 1695 480 1725 14
506 1692 578 1725 cluo
601 1690 756 1735 proelia]
783 1691 856 1725 duo
881 1692 1024 1726 diversa
1043 1693 1187 1736 proelia
1214 1694 1256 1727 Σ.

358 1748 393 1773 c.
421 1737 482 1781 34,
510 1742 529 1771 2
557 1739 606 1772 ad
630 1738 726 1772 mille
751 1738 913 1783 ducenti]
941 1739 990 1773 ad
1014 1740 1110 1773 mille
1135 1743 1167 1774 et
1193 1740 1340 1774 ducenti
1366 1741 1408 1774 Σ.

356 1785 406 1819 ib.
435 1789 454 1819 6
481 1796 578 1830 spcm
600 1786 757 1829 positam
784 1785 927 1831 habere]
953 1796 1051 1829 spem
1077 1787 1272 1829 repositam
1296 1787 1425 1821 habere
1451 1789 1494 1821 Σ.

356 1832 405 1866 ib.
434 1836 454 1867 9
481 1843 516 1867 se
541 1833 670 1867 liberos
696 1833 753 1874 iis,
779 1843 883 1867 arma
910 1833 1125 1878 relinquere]
1152 1844 1187 1868 se
1213 1834 1327 1868 libera
1352 1845 1456 1868 arma
1482 1834 1693 1879 relinquere.
1723 1836 1764 1870 Σ.

358 1879 405 1914 ib.
434 1881 567 1914 solutos
592 1883 687 1914 metu
713 1880 869 1925 animos]
896 1881 1032 1914 solutos
1057 1881 1198 1915 animos
1224 1882 1266 1914 Σ.

360 1925 409 1960 ib.
438 1930 481 1960 10
508 1930 698 1971 utrumque
723 1926 895 1972 expertis]
922 1930 1111 1972 utramque
1135 1928 1326 1970 fortunam
1350 1929 1507 1972 expertis
1534 1930 1575 1964 Σ.

360 1983 395 2008 c.
422 1973 482 2017 35,
510 1979 530 2009 6
556 1977 655 2008 aetas
680 1974 721 2007 in
746 1974 876 2019 medio]
906 1978 1005 2009 aetas
1030 1978 1108 2009 erat
1132 1975 1173 2008 in
1199 1975 1313 2009 medio
1339 1977 1381 2009 Σ.

360 2030 394 2055 c.
422 2020 482 2063 36,
510 2025 529 2055 3
557 2021 685 2066 exigit]
712 2022 827 2065 eoeeqit
853 2022 895 2056 Σ.

359 2067 407 2101 ib.
435 2071 456 2100 4
482 2068 726 2112 depopulatur
750 2068 872 2113 ayros]
900 2069 1141 2113 depopulatus
1167 2079 1273 2114 aqros
1299 2071 1342 2103 Σ.

358 2124 393 2150 e.
422 2114 481 2157 37,
508 2119 529 2149 4
555 2116 596 2149 in
620 2116 905 2159 supplementum
929 2116 1053 2161 classi]
1083 2117 1121 2150 in
1146 2117 1430 2161 supplementum
1456 2117 1580 2152 classis
1607 2118 1648 2151 Σ.

359 2161 408 2195 ib.
437 2165 456 2195 9
483 2162 603 2196 locant
629 2162 765 2206 castra]
793 2166 913 2197 castra
939 2163 1059 2197 locant
1085 2165 1127 2198 Σ.

363 2217 397 2243 c.
425 2208 486 2252 38,
514 2212 534 2243 9
560 2209 853 2253 spondebantque
879 2210 1030 2255 animis]
1057 2211 1393 2255 despondebantque
1419 2211 1562 2245 animis.
1590 2211 1632 2244 Σ.

360 2255 409 2291 ib.
440 2259 480 2289 11
509 2256 571 2301 Sp.
593 2255 788 2290 Lucretius
816 2255 879 2290 Cn.
911 2255 1098 2302 Octavius]
1126 2257 1188 2301 Sp.
1210 2257 1403 2292 Lucretius
1429 2261 1461 2292 et
1488 2256 1552 2291 Cn.
1573 2256 1753 2292 Octavius.
1782 2259 1824 2293 Σ.

360 2311 395 2337 c.
423 2302 484 2345 39,
512 2307 531 2337 6
558 2303 661 2338 nobis
686 2304 838 2348 quoque]
866 2304 969 2338 nobis
991 2315 1104 2348 prope
1130 2305 1171 2338 Σ.

358 2349 407 2383 ib.
433 2350 601 2395 fortuna]
629 2351 817 2393 fortunam
844 2352 886 2384 Σ.

362 2396 412 2432 ib.
439 2400 459 2430 9
486 2408 582 2441 spem
607 2406 743 2431 omnem
768 2397 1001 2443 salutarique]
1027 2408 1123 2442 spem
1149 2407 1248 2441 opem
1273 2399 1425 2433 salutem
1451 2401 1493 2432 Σ.

362 2443 411 2478 ib.
442 2447 482 2477 11
510 2455 584 2478 non
609 2445 711 2478 modo
737 2444 856 2489 nobis]
884 2455 958 2479 non
983 2445 1085 2479 modo
1111 2446 1215 2479 nobis
1239 2446 1310 2479 sed.
1337 2445 1411 2480 Md.

363 2491 411 2525 ib.
442 2494 485 2524 14
511 2494 692 2525 terrarum
717 2492 865 2525 ultimas
890 2491 989 2536 finit]
1018 2495 1199 2526 terrarum
1224 2493 1373 2527 ultimus
1397 2493 1483 2535 finis
1510 2495 1552 2527 Σ.

362 2547 397 2572 c.
425 2536 486 2581 40,
513 2541 532 2571 2
560 2549 640 2572 cum
660 2539 831 2581 placeret,
858 2538 980 2583 ceteri]
1007 2549 1087 2573 cum
1106 2539 1266 2583 placeret
1291 2543 1323 2573 et
1349 2541 1454 2574 ceteri
1481 2540 1553 2574 Md.

362 2584 410 2619 ib.
438 2588 458 2618 5
485 2596 559 2619 non
583 2589 782 2620 senatorem
808 2585 924 2630 modo]
953 2596 1027 2619 non
1052 2589 1249 2620 senatorem
1275 2588 1319 2620 Σ.

362 2631 411 2665 ib.
441 2635 482 2665 12
508 2632 598 2666 mihi
622 2633 695 2666 iam
722 2632 886 2677 virendo]
913 2633 1004 2666 mihi
1028 2633 1178 2668 vivendo
1203 2634 1278 2667 iam
1304 2635 1346 2667 Σ.

362 2688 397 2713 c.
425 2677 486 2721 41,
512 2683 532 2713 2
560 2679 612 2713 ire
637 2679 811 2724 ereptum]
840 2680 908 2714 isse
933 2683 1092 2723 ereptum
1118 2681 1161 2715 Σ.

361 2725 411 2760 ib.
439 2729 459 2760 8
485 2737 524 2761 eo
544 2726 670 2760 bellum
693 2727 854 2761 intendis
873 2730 905 2761 et
924 2727 1118 2772 eyreqiam]
1145 2737 1183 2761 eo
1204 2727 1329 2761 bellum
1353 2727 1523 2767 intendis,
1542 2725 1628 2772 (si)
1649 2727 1826 2771 eqreyiam

432 2773 553 2807 Halm.

362 2819 411 2853 ib.
442 2823 481 2853 11
508 2820 737 2863 sufficiamus
757 2820 994 2866 praebendis]
1015 2821 1237 2864 praebendis
1261 2821 1488 2863 sufficiamus
1514 2821 1555 2853 Σ.

362 2875 397 2901 c.
425 2865 485 2909 42,
514 2871 534 2900 4
566 2868 756 2908 ferociores
789 2866 875 2913 (et)
907 2868 1113 2902 calamitate
1151 2867 1249 2912 ipsa]
1288 2867 1476 2909 ferociores
1510 2867 1714 2902 calamitate
1745 2868 1827 2911 ipsa

433 2913 525 2954 facti
553 2915 593 2948 Σ.
