1953 3278
115 190 140 208 a.
162 183 212 209 Ch.
233 184 292 209 206.

608 172 751 207 LIBER
776 172 942 208 XXVIII.
989 172 1088 208 CAP.
1117 176 1172 207 29.
1609 173 1665 214 65

115 280 332 322 revocavit
362 281 505 320 tamen
545 294 569 320 a
606 280 776 334 publico
814 281 1040 335 parricidio
1079 281 1244 335 privata
1282 280 1436 334 pietas;
1475 293 1548 321 vos
1588 281 1658 334 qui
1686 293 1705 323 ·2

115 339 254 393 dolor,
295 352 402 393 quae
441 338 504 378 ira
541 339 763 380 incitavit?
803 339 1117 393 stipendiumne
1159 339 1305 380 diebus
1344 339 1490 393 paucis
1531 338 1660 392 impe-

115 400 254 439 ratore
297 410 424 452 aegro
467 397 601 438 serius
642 400 912 439 numeratum
953 398 1057 439 satis
1099 399 1229 452 digna
1276 413 1403 440 causa
1444 397 1542 451 fuit,
1588 411 1662 438 cur

113 455 280 510 patriae
312 455 553 497 indiceretis
585 456 757 510 bellurn,
789 470 863 497 cur
895 456 946 497 ad
977 456 1179 510 Ilergetes
1213 456 1498 497 descisceretis
1533 469 1557 497 a
1588 469 1660 510 po-

114 514 216 568 pulo
255 514 467 566 Romano,
509 528 583 555 cur
621 514 730 555 nihil
772 513 1009 555 divinarum
1049 514 1382 556 humanarumve
1421 529 1561 556 rerum
1599 515 1661 555 in-

113 573 322 614 violatum
360 573 478 614 vobis
518 572 657 614 esset?
697 572 919 613 insanistis
958 572 1168 625 profecto,
1205 573 1378 626 milites,
1417 587 1493 614 nec
1525 574 1661 627 maior
1689 587 1708 618 3

114 631 159 672 in
198 645 351 686 corpus
391 646 529 672 meum
567 631 630 672 vis
669 630 804 671 morbi
842 645 969 685 quam
1008 631 1052 671 in
1092 634 1254 672 vestras
1293 634 1454 672 mentes
1494 632 1662 673 invasit.

115 689 264 732 horret
295 691 462 731 animus
494 689 666 742 referre,
704 688 803 742 quid
842 688 1096 730 crediderint
1134 689 1347 743 homines,
1386 689 1485 744 quid
1519 704 1661 744 spera-
1689 705 1709 734 4

115 749 267 802 verint,
300 748 400 803 quid
427 747 682 802 optaverint:
715 747 881 788 auferat
906 748 1048 789 omnia
1073 748 1205 789 inrita
1238 748 1407 801 oblivio,
1439 749 1474 789 si
1501 752 1662 802 potest3

116 807 151 848 si
197 822 302 861 non,
351 809 562 859 utcunque
607 806 824 847 silentium
868 808 1000 861 tegat.

1073 821 1161 848 non
1200 807 1443 862 negaverim
1493 807 1660 849 tristem
1689 821 1708 853 5

115 869 384 919 atrocemque
410 865 531 906 vobis
558 865 693 906 visam
719 865 956 906 orationem
983 874 1137 907 meam:
1167 868 1326 920 quanto
1353 866 1522 908 creditis
1547 866 1663 908 facta

113 927 254 965 vestra
285 923 495 964 atrociora
527 937 618 964 esse
645 938 771 978 quam
805 924 917 965 dicta
943 924 1068 965 mea?
1100 928 1143 965 et
1170 939 1235 965 me
1262 938 1323 979 ea,
1356 939 1463 979 quae
1489 925 1664 979 fecistis,

111 982 202 1036 pati
235 995 382 1023 aecum
414 982 613 1035 censetis3
651 996 725 1023 vos
762 996 814 1023 ne
853 982 935 1024 dici
968 983 1136 1037 quidem
1178 984 1321 1025 omnia
1353 998 1485 1038 aequo
1519 984 1662 1026 animo

112 1040 252 1081 fertis!
297 1040 368 1081 sed
401 1054 454 1081 ne
493 1055 541 1082 ea
573 1040 741 1094 quidem
778 1042 872 1095 ipsa
910 1041 1021 1083 ultra
1059 1042 1438 1096 exprobrabantur.

112 1202 196 1225 zum
217 1190 359 1225 Thema
377 1190 447 1225 mit
465 1192 655 1226 insanistis
672 1193 850 1236 profecto,-

111 1237 391 1282 Ankfindigung
429 1238 493 1272 des
520 1238 742 1273 Verzeihens
776 1240 851 1274 und

112 1284 337 1329 Vergessens
363 1285 421 1319 fiir
447 1285 506 1320 die
532 1285 674 1330 Menge,
699 1285 763 1320 der
785 1287 850 1321 Be·

114 1332 282 1377 strafung
319 1332 377 1366 ffir
415 1332 472 1366 die
512 1332 772 1367 Radelsfiihrer
816 1335 850 1378 (ξ

164 1431 191 1459 1.
231 1437 254 1460 a
289 1426 438 1470 publico
467 1427 672 1470 parricidio
701 1427 852 1470 privata

108 1472 241 1517 pietas]
257 1472 322 1506 das
338 1474 584 1517 parricidium
599 1473 663 1508 des
679 1471 851 1509 Coriolan

112 1519 204 1553 wird
219 1520 408 1563 publicum
427 1522 601 1563 genannt,
622 1521 705 1554 weil
723 1531 760 1555 es
774 1521 851 1555 sich

111 1576 230 1610 gegeu
244 1566 308 1600 das
316 1566 519 1601 Vaterland
532 1567 586 1601 als
598 1569 852 1612 antiquissima

111 1616 143 1647 et
154 1614 383 1647 sanctissima
390 1624 528 1657 parens
540 1615 696 1649 richtete
710 1614 850 1659 (Cicero

111 1659 160 1694 ad
179 1659 291 1695 Attio.
311 1663 344 1703 9,
370 1664 402 1703 9,
426 1662 472 1704 2).
525 1661 593 1695 Zur
618 1661 849 1696 Zusammen-

111 1706 274 1752 stellung
315 1707 404 1742 zwei
446 1707 569 1752 gleich
610 1708 851 1743 anlautender

115 1753 357 1789 Substantiva
380 1754 450 1789 mit
475 1755 565 1790 zwei
589 1756 679 1790 eben
701 1755 851 1790 solchen

109 1800 336 1845 Adjektiven
368 1802 439 1846 vgl.
467 1802 527 1845 27,
553 1805 589 1844 8,
618 1807 638 1837 6
658 1803 765 1847 prior
789 1813 852 1838 nec

103 1848 298 1892 probatior
306 1849 529 1892 primoribus
536 1853 697 1893 patrum.
718 1849 753 1894 5,
768 1853 820 1894 15,
831 1854 850 1885 6

112 1895 154 1928 de
173 1895 316 1938 privati
335 1897 497 1940 portenti
515 1897 783 1940 procuratione.

159 1957 191 1986 2.
216 1954 310 1988 nihil
334 1954 543 1989 divinarum
567 1955 850 1990 humanarumve

111 2001 253 2046 rerum]
291 2001 365 2045 vgl.
399 2013 427 2036 0.
463 2005 521 2045 11,
557 2007 572 2035 1
608 2003 766 2037 omnium
799 2013 849 2037 se-

111 2047 311 2082 cundorum
336 2048 647 2093 adversorumque3
677 2061 740 2084 zur
764 2049 849 2084 Um-

111 2093 331 2139 schreibung
365 2095 434 2129 mit
457 2106 513 2130 res
537 2096 571 2140 9,
600 2101 636 2140 1,
664 2101 705 2130 11
732 2107 850 2131 rerum

109 2140 354 2176 humanarum
390 2144 589 2177 maximum
625 2148 849 2186 momentum,

110 2187 245 2222 ebenso
283 2190 442 2223 omnium
478 2201 597 2224 rerum
636 2192 743 2235 (statt
780 2202 850 2226 om-

109 2234 243 2279 nium):
287 2236 326 2279 6,
361 2240 397 2279 6,
432 2241 451 2271 6
494 2238 649 2282 regimen
692 2239 850 2272 omnium

108 2291 239 2317 rernm.
262 2283 295 2326 1,
311 2286 366 2326 60,
384 2288 401 2318 1
422 2284 551 2319 harum
570 2295 689 2319 rerum
708 2286 851 2319 nuntiis

109 2338 144 2362 u.
172 2332 221 2371 ὃ.;
265 2329 434 2375 dagegen
465 2332 585 2375 praef.
623 2336 641 2366 7
672 2333 850 2367 miscendo

109 2373 271 2409 humana
295 2377 432 2412 divinis
457 2390 491 2412 u.
515 2379 550 2421 5,
571 2382 629 2422 33,
650 2383 667 2412 1
694 2379 727 2414 si
751 2380 848 2423 quic-

111 2432 221 2466 quam
244 2422 482 2458 humanorum
508 2427 594 2460 certi
618 2429 676 2462 est.

159 2480 374 2515 inviolatum
398 2483 514 2528 vobis]
541 2483 709 2529 dagegen
735 2496 763 2520 0.
792 2488 848 2527 28,

113 2530 156 2560 10
175 2527 269 2561 nihil
287 2528 387 2563 ultra
399 2530 508 2571 facile
521 2531 692 2565 creditam
704 2535 849 2567 mortem

109 2583 222 2608 meam
248 2585 270 2608 a
295 2576 416 2610 vobis
441 2577 597 2611 violatus
620 2578 696 2612 sim.

159 2636 190 2666 3.
216 2633 408 2668 insanistis
428 2635 604 2679 profecto]
633 2635 712 2679 „ihr
737 2636 850 2671 mfisst

110 2678 275 2714 ffirwahr·
295 2691 365 2715 von
387 2681 521 2716 Sinnen
543 2692 712 2725 gewesen
735 2682 848 2725 sein“,

111 2725 170 2769 26,
207 2729 268 2770 38,
303 2731 346 2762 10
386 2729 657 2763 aemulationem
688 2730 850 2773 profecto

111 2775 218 2817 atque
242 2775 365 2809 odium
390 2786 468 2810 esse.

157 2842 199 2865 tn
225 2852 266 2856 —
293 2836 423 2868 mentes
446 2834 597 2879 invasit]
624 2835 758 2869 invado
783 2834 847 2868 fin-

111 2876 175 2912 det
200 2879 278 2913 sich
303 2879 364 2914 bei
382 2880 460 2915 Liv.
481 2893 549 2915 nur
573 2882 668 2916 noch
693 2891 739 2915 an
759 2881 849 2915 zwei

110 2923 252 2959 Stellen
262 2926 330 2961 mit
339 2928 380 2961 in
390 2928 603 2963 verbunden
612 2943 619 2971 ς
633 2928 707 2972 vgl.
720 2927 755 2973 2,
763 2932 819 2972 47,
829 2933 847 2963 6

182 2989 244 3014 Titi
263 2990 342 3017 Livi.
371 2992 404 3017 B.
419 2994 461 3018 28.

1500 1043 1663 1096 utinam
1690 1058 1709 1088 5

923 1204 1019 1227 unus
1045 1213 1087 1217 —
1114 1194 1154 1227 in
1174 1194 1292 1237 ipsum
1312 1194 1488 1229 consulem
1507 1195 1661 1229 invadit.

924 1239 983 1281 27,
1016 1243 1078 1283 42,
1113 1245 1131 1275 6
1172 1241 1213 1274 in
1240 1244 1444 1275 transversa
1470 1242 1584 1275 latera
1609 1242 1664 1276 in-

924 1291 1090 1321 vaserant
1116 1290 1169 1330 (so
1190 1289 1280 1322 stets
1300 1286 1361 1322 bei
1386 1286 1538 1332 Cicero),
1565 1290 1665 1323 sonst

923 1333 992 1368 mit
1017 1333 1373 1378 Objektsaccusativ.

970 1396 1002 1426 4.
1034 1393 1153 1427 horret
1184 1393 1328 1427 animus
1359 1392 1504 1438 referre]
1540 1393 1664 1428 horreo

924 1439 1024 1474 steht
1061 1438 1123 1474 bei
1155 1439 1233 1475 Liv.
1267 1439 1458 1474 mehrfach
1496 1442 1663 1475 nament-

922 1486 997 1520 lich
1033 1486 1070 1520 in
1101 1486 1193 1521 Dek.
1230 1491 1247 1520 1
1281 1487 1351 1521 mit
1382 1487 1561 1531 Infinitiv3
1587 1488 1660 1532 vgl.

925 1533 962 1576 7,
989 1537 1050 1577 30,
1077 1537 1120 1568 23
1153 1535 1337 1570 omninari
1367 1534 1501 1568 horreo.
1554 1538 1615 1578 40,
1643 1538 1662 1569 9

922 1581 1046 1616 horreo
1076 1582 1202 1616 dicere.
1266 1581 1326 1624 10,
1360 1584 1413 1624 10,
1450 1585 1488 1615 11
1524 1582 1664 1616 accolas

922 1628 993 1662 sibi
1017 1629 1165 1672 quisque
1187 1629 1383 1673 adinnyere
1410 1648 1452 1653 —
1479 1629 1663 1671 horrebat,-

923 1674 992 1708 mit
1017 1686 1078 1710 ne:
1103 1675 1137 1719 2,
1165 1679 1222 1720 37,
1249 1679 1268 1710 6
1295 1676 1444 1710 horret
1469 1677 1663 1718 animus,

924 1733 967 1755 ne
993 1742 1036 1746 —
1062 1722 1136 1765 fiat.
1164 1721 1224 1765 34,
1252 1727 1284 1767 4,
1311 1727 1330 1757 3
1358 1733 1395 1757 eo
1416 1723 1503 1767 plus
1527 1724 1663 1765 horreo,

924 1779 968 1803 ne
993 1788 1036 1794 —-
1062 1779 1127 1804 nos
1153 1770 1320 1814 ceperint.

970 1828 1115 1870 auferat
1140 1829 1262 1863 omnia
1287 1829 1403 1863 inrita
1422 1828 1568 1874 oblivio]
1597 1829 1662 1863 das

923 1874 1136 1918 Asyndeton
1161 1875 1377 1910 bezeichnet
1400 1875 1580 1920 kraftiger
1605 1875 1659 1910 als

919 1921 1005 1966 jede
1043 1922 1463 1966 Adversativ-Partikel,
1498 1922 1566 1957 wie
1598 1922 1663 1957 der

925 1968 1069 2003 Redner
1095 1969 1172 2003 sich
1196 1969 1234 2003 in
1254 1968 1455 2004 Gedanken
1483 1981 1553 2004 von
1579 1970 1663 2004 dem

926 2015 1160 2050 Verbrechen
1197 2016 1402 2051 abwendet.
1463 2017 1579 2051 inrita
1615 2017 1664 2051 ist

926 2062 1167 2107 proleptisch3
1192 2063 1267 2108 vgl.
1290 2064 1322 2106 1,
1344 2067 1375 2107 2,
1397 2067 1416 2098 3
1437 2065 1534 2098 socia
1560 2075 1665 2098 arma

926 2111 1060 2144 innaeit.

972 2160 1150 2201 utcunque
1186 2158 1369 2192 silentium
1405 2158 1514 2203 teglat]
1554 2169 1664 2202 „mag

925 2202 1158 2249 Schweigen,
1196 2216 1235 2239 so
1267 2206 1334 2249 gut
1365 2215 1403 2239 es
1441 2205 1539 2249 gehn
1576 2205 1663 2249 will,

922 2250 1164 2285 verdecken.“
1201 2255 1381 2296 utcunque
1404 2251 1472 2286 hat
1496 2252 1557 2286 bei
1582 2251 1660 2286 Liv.

922 2300 1023 2332 sonst
1049 2300 1140 2333 stete
1171 2297 1278 2333 einen
1310 2310 1452 2343 ganzen
1479 2298 1562 2333 Satz
1593 2298 1664 2333 mit

922 2343 1084 2380 Verbum
1116 2346 1211 2380 nach
1237 2345 1331 2388 sich,
1364 2346 1437 2391 vgl.
1464 2345 1530 2389 26,
1558 2349 1590 2390 6,
1619 2350 1660 2380 13

921 2394 1100 2437 utcunque
1113 2393 1245 2426 initum
1257 2393 1469 2438 finitumque
1478 2396 1528 2427 est
1542 2395 1661 2437 (proe-

922 2439 1036 2483 lium).
1072 2439 1106 2482 3,
1134 2443 1166 2482 2,
1192 2443 1214 2473 4
1239 2443 1419 2485 utcunque
1443 2441 1499 2474 sit.

970 2501 1000 2533 5.
1051 2499 1186 2532 tristem
1230 2519 1273 2523 —
1317 2498 1527 2543 orationem]
1574 2510 1660 2542 „un-

921 2543 1149 2580 freundliche
1176 2566 1219 2570 —
1246 2545 1388 2587 Rede“;
1420 2546 1536 2580 tristis
1562 2546 1660 2579 steht

922 2602 993 2626 von
1006 2591 1192 2626 Personen
1212 2592 1285 2626 und
1301 2591 1453 2635 Sachen,
1475 2592 1534 2626 die
1554 2592 1660 2626 einen

921 2639 1228 2682 unangenehmen
1259 2638 1446 2673 Eindruck
1486 2639 1658 2681 machen3

922 2685 994 2728 vgl.
1028 2685 1093 2728 21,
1129 2690 1188 2728 12,
1220 2690 1242 2719 4
1273 2686 1497 2720 condiciones
1531 2686 1659 2721 tristes

922 2731 981 2773 22,
1009 2735 1064 2773 61,
1091 2735 1111 2765 3
1137 2733 1237 2766 triste
1261 2743 1479 2776 responsum.

969 2790 1045 2823 dici
1070 2809 1113 2814 —
1141 2801 1250 2834 aequo
1276 2791 1398 2824 animo
1422 2790 1542 2836 fertis]
1578 2790 1658 2826 Liv.

920 2836 1053 2870 nimmt
1078 2847 1135 2879 an,
1163 2836 1241 2871 dass
1265 2836 1322 2871 die
1343 2837 1504 2872 Zuhorer
1522 2837 1659 2882 wenig-

922 2885 1020 2917 stens
1046 2883 1161 2917 durch
1187 2884 1343 2918 Zeichen
1369 2883 1448 2918 ihre
1474 2883 1660 2919 Missbilli-

922 2942 1023 2975 gung
1047 2942 1091 2964 zu
1116 2931 1300 2985 erkennen
1326 2932 1503 2976 gegeben.

1356 2992 1376 3023 5
