1953 3278
229 142 283 184 38
719 141 860 176 LIBER
886 140 1050 176 xxvm.
1097 140 1199 176 CAP.
1227 146 1280 177 ιτ.
1624 161 1648 178 2.
1671 161 1699 178 u.
1719 154 1778 179 548.

179 261 200 292 3
226 250 310 291 iam
332 250 522 291 Africam
549 260 832 302 magnamque
852 246 1157 301 Carthaginem
1183 253 1226 289 et
1245 249 1290 289 in
1317 263 1440 291 suum
1461 251 1587 292 decus
1608 265 1780 292 nomen-

179 319 199 349 4
228 324 307 364 que
340 309 453 349 velut
485 307 823 348 consummatam
863 306 952 346 eius
984 305 1086 346 belli
1118 305 1300 360 gloriam
1337 309 1571 361 spectabat.
1632 310 1778 364 itaque

226 364 587 422 praemoliendam
637 364 720 405 sibi
770 367 888 405 ratus
932 363 1019 404 iam
1065 377 1155 405 rem
1206 365 1578 421 conciliandosque
1628 382 1778 422 regum

225 426 501 480 gentiumque
528 423 706 476 animos,
734 421 974 477 Syphacem
1000 422 1185 476 primum
1205 437 1351 478 regem
1378 426 1530 466 statuit
1555 429 1780 480 temptare.

179 497 198 525 5
227 482 578 525 Masaesuliorum
611 481 647 523 is
679 496 752 523 rex
782 484 890 523 erat:
923 480 1184 534 Masaesulii,
1215 495 1320 536 gens
1347 482 1500 524 adfinis
1527 483 1702 538 Mauris,
1735 485 1779 526 in

224 542 441 596 regionem
490 540 726 594 Hispaniae
777 540 960 581 maxime
1010 554 1094 594 qua
1144 539 1228 580 sita
1277 539 1402 582 Nova
1452 539 1668 596 Carthago
1714 546 1779 584 est

178 613 196 642 6
224 601 430 653 spectant.
497 599 648 641 foedus
687 613 736 641 ea
773 601 1029 653 tempestate
1072 599 1164 653 regi
1210 612 1303 640 cum
1347 597 1777 654 Carthaginiensibus

225 661 332 711 erat3
374 657 486 713 quod
517 657 632 699 haud
664 658 837 713 gravius
871 658 909 699 ei
942 657 1216 711 sanctiusque
1249 672 1376 711 quam
1409 657 1538 712 vulgo
1570 658 1779 713 barbaris,

178 729 196 758 7
224 717 375 771 quibus
408 731 458 758 ex
490 716 661 758 fortuna
692 717 847 771 pendet
879 716 1000 770 fides,
1039 719 1158 757 ratus
1198 716 1306 770 fore,
1345 718 1559 758 oratorem
1599 717 1652 758 ad
1683 731 1779 759 eum

173 788 192 817 s
223 774 267 817 C.
300 775 493 816 Laelium
526 789 620 816 cum
653 775 775 817 donis
804 775 947 817 mittit.
1011 775 1164 829 quibus
1191 775 1396 816 barbarus
1424 776 1575 829 laetus,
1608 778 1650 816 et
1678 776 1779 830 quia

219 849 285 876 res
318 836 408 875 tum
442 848 669 888 prosperae
702 834 859 888 ubique
892 832 1109 886 Romanis,
1142 832 1294 875 Poenis
1328 834 1372 874 in
1403 833 1531 874 Italia
1563 833 1778 888 adversae,

217 894 261 934 in
301 892 510 947 Hispania
549 892 690 933 nullae
728 892 814 933 iam
855 894 993 945 erant,
1031 892 1266 933 amicitiam
1304 907 1348 934 se
1381 891 1673 934 Romanorum
1711 907 1777 934 ac-

218 951 355 1006 cipere
388 951 556 992 annuit:
589 950 821 992 firmandae
855 951 943 991 eius
977 950 1104 991 fidem
1137 964 1213 991 nec
1246 950 1346 991 dare
1371 965 1447 992 nec
1478 952 1666 1006 accipere
1694 952 1777 993 nisi

171 1023 191 1053 9
220 1025 314 1052 cum
354 1010 448 1064 ipso
488 1024 632 1051 coram
671 1010 773 1051 duce
807 1008 1013 1050 Romano.
1078 1009 1140 1049 ita
1171 1008 1340 1050 Laelius
1378 1009 1421 1050 in
1460 1009 1501 1050 id
1538 1009 1664 1051 modo
1698 1010 1778 1052 fide

219 1070 271 1111 ab
312 1083 411 1124 rege
451 1071 645 1123 accepta,
682 1071 824 1109 tutum
863 1067 1093 1109 adventum
1132 1066 1240 1120 fore,
1281 1067 1334 1108 ad
1373 1066 1614 1120 Scipionem
1658 1069 1779 1110 redit.

268 1213 298 1243 3.
347 1219 515 1251 >nmquam
562 1208 831 1253 Carthayinem}
884 1207 964 1241 hier
1037 1206 1122 1248 freti
1141 1209 1172 1240 et
1198 1206 1293 1250 quod
1320 1209 1413 1240 metu
1433 1207 1573 1240 cessisse
1591 1207 1781 1241 credebant

219 1256 305 1290 tritt
325 1256 390 1289 das
405 1255 567 1289 Beiwort
585 1254 653 1288 mit
668 1254 825 1289 Absicht
838 1264 962 1296 voran,

219 1303 269 1337 im
303 1302 510 1347 Gegensatz
549 1313 591 1335 zu
624 1305 641 1343 ξ
675 1305 694 1335 5
731 1301 837 1336 Nova
877 1300 964 1335 Car·

220 1351 343 1394 {haym
372 1349 535 1383 dieselbe
563 1349 750 1393 Stellung:
779 1359 806 1382 e.
839 1352 893 1391 18,
923 1351 964 1382 12

222 1397 345 1432 Noe-ae
383 1395 617 1440 Carthayfflis
648 1394 714 1438 26,
742 1399 804 1438 47,
840 1399 869 1437 1;
903 1395 964 1429 da-

218 1455 335 1489 gegen
373 1443 592 1487 Carthayine
623 1442 730 1477 Nova
763 1454 790 1477 c.
823 1446 881 1484 17,
913 1446 963 1477 11.

218 1503 246 1525 c.
269 1495 323 1533 36,
352 1494 381 1524 4.

265 1553 548 1584 consummatam
581 1568 624 1573 —
656 1547 826 1593 ystoriam]
865 1547 960 1589 „den

221 1597 480 1641 aufgesparten
532 1595 651 1629 Ruhm
668 1597 703 1635 “3
758 1594 828 1637 eig.
882 1593 958 1628 auf-

218 1643 449 1689 gesammelt,
465 1643 533 1677 wie
554 1642 634 1677 eine
656 1654 698 1675 zu
721 1641 959 1675 bestimmten

219 1690 417 1736 Ausgaben
462 1688 679 1723 allmahlieh
718 1687 959 1732 aufgehanfte

219 1739 384 1780 Summe,
414 1737 486 1780 vgl.
507 1737 567 1779 22),
588 1740 644 1780 23,
666 1740 686 1769 4
712 1736 761 1770 ad
787 1746 863 1769 eam
888 1745 960 1769 rem

218 1785 536 1820 consummandam
569 1801 611 1812 =
645 1795 705 1817 um
745 1781 803 1817 die
843 1781 961 1816 Sache

218 1831 479 1867 abzumachen.

265 1895 296 1924 4.
319 1890 627 1934 praemoliendam
656 1909 697 1913 —
724 1888 813 1934 rem]
847 1886 960 1930 „Vor-

218 1938 383 1972 arbeiten
421 1937 576 1971 macheu
614 1936 713 1977 fiir“;
753 1935 818 1969 das
855 1934 962 1968 Wort

216 1985 431 2029 praemoliri
457 1983 571 2017 findet
598 1983 677 2017 sich
702 1981 764 2017 bei
789 1982 867 2016 Liv.
894 1991 962 2015 nur

219 2032 299 2066 hier
337 2031 410 2065 und
448 2042 514 2065 vor
545 2030 621 2064 ihm
655 2030 693 2063 in
725 2029 790 2064 der
821 2039 961 2074 ganzen

220 2077 402 2113 Latinitat
428 2077 539 2112 nicht.

268 2141 297 2171 5.
309 2137 538 2177 Masaesulii,
549 2146 633 2179 qens
645 2135 779 2176 adfinis
794 2134 841 2167 M
843 2133 960 2178 auris]

221 2185 272 2218 im
300 2184 451 2218 Westen
478 2181 730 2216 Nordafrikas.
759 2202 800 2206 —-
828 2181 963 2223 adfinis

222 2243 291 2266 von
312 2230 534 2265 raumlicher
548 2228 654 2263 Nahe
668 2228 762 2263 noch
777 2227 836 2271 45,
849 2231 905 2271 29,
921 2230 962 2260 14

222 2278 357 2321 adfines
384 2277 567 2318 barbaris,
594 2277 695 2310 sonst
720 2275 882 2318 confinis.

271 2341 300 2370 7.
329 2335 518 2379 oratorem]
540 2335 619 2369 hier
641 2351 683 2362 =
702 2333 961 2376 „Gesandte1·“.

220 2387 359 2425 orator,
400 2383 468 2426 eig.
510 2381 710 2426 Sprecher,
749 2380 964 2415 bezeichnet

223 2431 327 2465 einen
380 2428 642 2473 Abgesandten
693 2428 780 2463 oder
830 2426 962 2462 Unter-

222 2477 388 2519 handler,
415 2475 642 2510 namentlich
669 2475 776 2509 einen
802 2474 962 2518 solchen‚

224 2524 289 2559 der
311 2523 465 2558 Frieden
486 2523 573 2557 oder
596 2521 877 2566 Unterwerfung
902 2532 964 2555 an-

224 2571 349 2606 bieten
380 2570 466 2611 soll;
499 2570 613 2604 daher
646 2580 706 2603 am
738 2568 964 2612 haufigsten:

225 2622 382 2653 oratores
414 2618 462 2652 ad
494 2627 620 2660 pacem
648 2616 856 2659 petendanu
892 2615 965 2659 vgl.

225 2665 284 2707 25,
312 2669 367 2708 31,
395 2668 425 2698 2.
452 2665 557 2708 pacis
582 2666 740 2698 oratores
765 2664 800 2705 9,
828 2666 884 2703 43,
911 2666 966 2696 21.

226 2724 254 2746 c.
282 2715 338 2754 45,
368 2714 421 2755 18,
447 2723 480 2745 u.
509 2711 542 2745 d.
570 2710 663 2744 Anh.

274 2763 304 2793 8.
332 2760 459 2801 laetus,
485 2762 516 2792 et
541 2758 630 2802 quia
656 2756 726 2802 res]
749 2756 806 2791 die
834 2755 966 2790 beiden

226 2806 375 2840 Griinde
401 2806 464 2839 des
484 2803 705 2839 Verbaltens
732 2802 795 2837 des
817 2802 967 2847 Syphax

227 2852 372 2887 werden
398 2852 435 2886 in
463 2851 742 2886 verschiedener
768 2851 876 2885 Form
902 2849 966 2884 ko—

227 2899 421 2944 ordiniert3
442 2899 515 2943 vgl.
537 2898 596 2941 21,
618 2902 649 2939 5,
674 2901 714 2931 12
735 2897 966 2935 multitudine

1036 1254 1177 1288 hostem.

1085 1310 1119 1334 se
1146 1320 1188 1324 —
1217 1300 1377 1343 accipere
1402 1300 1549 1342 annuit]
1583 1298 1671 1343 eig.:
1707 1299 1780 1344 gab

1038 1347 1152 1381 durch
1175 1346 1408 1391 Kopfnicken
1429 1346 1488 1380 ein
1509 1346 1676 1389 Zeichen,
1700 1345 1780 1380 dass

1040 1405 1078 1428 er
1104 1394 1297 1428 annehme.
1337 1404 1495 1427 annuere
1515 1392 1583 1427 mit
1608 1393 1693 1427 dem
1714 1392 1778 1427 Inf.

1039 1442 1089 1475 ist
1115 1443 1218 1475 sonst
1244 1452 1312 1474 nur
1338 1439 1578 1481 dichterisch;
1612 1439 1690 1474 Liv.
1717 1440 1802 1475 hat‘

1033 1499 1071 1522 es
1097 1487 1285 1522 entweder
1311 1487 1459 1522 absolut
1485 1504 1528 1515 =
1555 1486 1668 1521 Wink
1693 1487 1781 1522 oder

1033 1534 1190 1569 Zeichen
1205 1534 1335 1579 geben,
1350 1534 1424 1577 vgl.
1436 1534 1468 1576 1,
1487 1537 1539 1576 12,
1559 1537 1600 1568 10
1615 1545 1781 1568 annuen-

1033 1582 1129 1616 tibus
1157 1592 1200 1616 ae
1225 1582 1435 1616 vocantibus
1469 1582 1560 1623 suis3
1597 1580 1684 1614 oder
1710 1581 1779 1614 mit

1033 1629 1117 1662 dem
1144 1627 1267 1671 Dativ,
1294 1628 1366 1672 vgl.
1388 1627 1448 1669 31,
1470 1631 1501 1670 ὃ,
1530 1631 1548 1662 7
1571 1628 1779 1672 precationi

1034 1676 1207 1710 annuisse
1223 1692 1266 1704 =
1283 1674 1517 1719 Gew'zihrung
1536 1674 1669 1709 nicken
1690 1686 1723 1708 u.
1746 1678 1777 1709 ὃ.

1035 1723 1210 1766 Dagegen
1238 1723 1305 1756 hat
1337 1732 1375 1755 er
1407 1722 1564 1756 abnuere
1593 1721 1661 1756 mit
1693 1721 1778 1755 dem

1034 1768 1208 1811 Infinitiv,
1229 1769 1304 1812 vgl.
1320 1767 1380 1811 44,
1398 1772 1453 1809 43,
1473 1772 1490 1803 7
1511 1769 1574 1812 qai
1593 1769 1714 1803 venire
1734 1788 1777 1793 —

1034 1817 1248 1857 abnuerent3
1275 1827 1308 1850 u.
1337 1826 1366 1849 e.
1397 1819 1450 1858 18,
1477 1819 1508 1849 3.

1081 1863 1283 1906 firmandae
1308 1863 1386 1897 eius
1411 1862 1530 1905 fidem]
1552 1861 1640 1905 „das
1663 1861 1777 1896 Treu-

1034 1910 1147 1954 pfand
1168 1909 1227 1943 fiir
1247 1908 1346 1944 seine
1368 1908 1673 1953 Bekriiftigung“‚
1701 1908 1776 1953 vgl.

1034 1957 1068 1999 3,
1081 1960 1132 1999 18,
1143 1960 1162 1990 3
1177 1957 1282 1999 fidem
1294 1956 1493 1998 foederum:
1508 1955 1589 1998 „die
1599 1954 1777 1990 Garantie

1035 2004 1099 2038 der
1126 2003 1337 2047 Vei-trageffl
1382 2002 1446 2045 23,
1476 2006 1537 2045 34,
1565 2006 1584 2035 2
1612 2003 1661 2037 ad
1685 2002 1779 2047 reyae's

1034 2052 1152 2095 ipsius
1176 2051 1396 2093 firmandam
1419 2050 1534 2092 fidem.

1083 2109 1162 2132 cum
1182 2098 1261 2141 ipso
1281 2107 1402 2132 coram
1421 2096 1523 2140 duce]
1546 2095 1605 2138 „in
1626 2099 1777 2139 person-

1036 2144 1152 2179 licher
1175 2143 1441 2187 Verhandlung
1467 2144 1535 2177 mit
1560 2143 1644 2177 dem
1671 2140 1777 2176 Feld-

1037 2191 1180 2226 herrn.“
1195 2202 1275 2226 cum
1289 2190 1397 2233 steht,
1413 2190 1496 2224 weil
1515 2190 1619 2232 fidem
1633 2189 1722 2223 dare
1737 2208 1779 2214 —-

1036 2239 1195 2282 accipere
1209 2237 1268 2272 ein
1289 2235 1633 2281 gegenseitiges
1654 2235 1782 2270 Geben

1037 2285 1112 2318 und
1144 2285 1313 2319 Nehmen
1344 2283 1575 2325 bezeichnet;
1613 2293 1693 2317 cum
1719 2293 1783 2316 zur

1037 2331 1298 2375 Bezeichnung
1329 2329 1429 2364 eines
1463 2329 1781 2374 wechselseitigen

1038 2378 1311 2413 Verh'altnisses
1346 2376 1419 2421 vgl.
1449 2388 1477 2412 c.
1507 2381 1566 2418 18,
1594 2380 1613 2410 3
1639 2377 1710 2411 sibi
1736 2396 1781 2401 --

1037 2436 1118 2460 cum
1158 2425 1279 2460 Poeno
1317 2425 1439 2459 odium
1477 2434 1556 2458 esse.
1608 2435 1638 2458 c.
1665 2427 1725 2466 40,
1760 2426 1780 2458 9

1038 2483 1128 2517 qaae
1150 2492 1192 2497 —
1214 2472 1302 2506 mihi
1329 2472 1524 2506 aemulatio
1543 2482 1623 2506 cum
1648 2481 1686 2506 eo
1711 2480 1781 2505 esse

1034 2523 1160 2564 potest.
1206 2519 1264 2562 26,
1294 2522 1349 2562 27,
1379 2522 1418 2552 11
1445 2519 1632 2562 privatam
1657 2517 1780 2552 simul-

1039 2570 1146 2601 tatem
1172 2577 1250 2601 cum
1278 2565 1485 2610 Campanis.

1088 2617 1119 2647 9.
1152 2614 1192 2648 in
1224 2613 1279 2658 id]
1315 2623 1407 2656 „nur
1439 2611 1572 2646 darauf
1600 2611 1704 2653 hin“;
1742 2611 1781 2646 in

1040 2659 1110 2694 mit
1159 2660 1242 2695 dem
1287 2659 1416 2694 Aecus.
1461 2658 1676 2694 bezeichnet
1721 2657 1780 2693 die

1042 2707 1177 2750 Sache,
1209 2707 1267 2741 die
1301 2718 1387 2741 man
1411 2706 1466 2741 als
1494 2705 1570 2740 Ziel
1598 2705 1649 2739 im
1676 2705 1780 2748 Auge

1038 2754 1123 2796 hat3
1155 2754 1230 2798 vgl.
1258 2754 1324 2797 21,
1351 2757 1412 2796 42,
1440 2756 1459 2786 2
1495 2752 1630 2786 deiecta
1664 2752 1704 2785 in
1738 2752 1777 2787 id

1038 2812 1131 2844 sors;
1160 2801 1254 2835 auch
1280 2802 1419 2835 iuratos
1438 2800 1479 2833 in
1498 2799 1605 2833 verba
1627 2798 1658 2841 7,
1677 2802 1728 2841 16,
1747 2804 1779 2835 8.

1042 2848 1079 2891 7,
1107 2852 1144 2891 5,
1172 2851 1192 2882 5
1225 2849 1265 2882 in
1295 2858 1386 2891 quae
1417 2846 1629 2890 concepisset
1664 2846 1781 2888 rerba,

1038 2895 1187 2930 iuraret.
