1953 3278
158 909 206 945 36

235 144 286 186 78
683 144 825 179 LIBER
850 145 1014 182 XXVIII.
1064 146 1165 182 CAP.
1192 151 1247 183 35.
1275 152 1328 184 36.

161 271 203 302 10
232 253 370 308 magis
415 253 535 307 eniye
580 252 789 293 adiuverit
832 267 922 293 rem
966 251 1216 295 Romanam.

1615 166 1642 184 a.
1663 167 1692 184 u.
1714 160 1779 186 548.

1289 255 1331 296 id
1375 270 1436 310 se,
1480 257 1651 298 etiamsi
1694 257 1782 299 iam

230 312 395 366 pridem
423 311 561 363 vellet,
586 310 727 351 minus
753 313 971 364 praestare
998 311 1043 352 in
1064 311 1289 366 Hispania,
1314 314 1454 356 aliena
1481 318 1608 371 atque
1630 316 1785 371 ignota

231 373 362 423 terra,
402 369 611 424 potuisse3
655 369 699 409 in
739 383 821 423 qua
860 371 1003 411 autem
1043 370 1213 424 genitus
1255 371 1538 429 educatusque
1577 375 1621 416 in
1661 389 1780 429 spem

163 448 202 478 11
231 428 399 483 paterni
437 427 561 482 regni
600 429 728 481 esset,
766 427 891 470 facile
928 431 1259 482 praestaturum.

1323 430 1358 471 si
1397 432 1567 486 quidem
1601 433 1780 475 eundem

232 486 475 539 Scipionem
513 485 659 528 ducem
698 486 741 527 in
779 487 969 528 Africam
1008 487 1190 530 Romani
1229 489 1422 543 mittant,
1467 492 1571 534 satis
1610 506 1781 547 sperare

162 565 202 594 12
229 545 446 599 perbrevis
491 545 585 586 aevi
630 543 933 601 Carthaginem
979 561 1082 588 esse.

1156 548 1294 589 laetus
1339 562 1434 589 eum
1480 548 1622 604 Scipio
1673 551 1779 592 vidit

230 603 488 658 audivitque,
520 618 615 645 cum
648 608 775 659 caput
808 619 946 646 rerum
980 606 1024 647 in
1063 606 1178 647 omni
1210 606 1398 648 hostium
1431 608 1622 662 equitatu
1655 608 1782 651 Masi-

228 662 389 703 nissam
426 662 556 704 fuisse
596 663 741 717 sciret,
781 666 822 704 et
853 664 944 718 ipse
981 664 1145 706 iuvenis
1186 666 1400 720 specimen
1439 667 1570 708 animi
1601 682 1703 722 prae
1736 682 1781 709 se

229 720 369 762 ferret.

431 721 512 762 fide
552 721 654 763 data
693 726 950 777 acceptaque
990 724 1206 778 profectus
1239 727 1350 766 retro
1385 724 1672 767 Tarraconem
1705 729 1782 769 est.

159 799 200 829 13
228 778 457 821 Masinissa
495 780 706 834 permissu
745 780 1057 836 Romanorum,
1095 797 1148 824 ne
1188 784 1278 824 sine
1317 798 1444 826 causa
1481 785 1698 826 traiecisse
1736 785 1781 826 in

229 839 517 880 continentem
550 839 774 893 videretur,
806 841 1035 894 populatus
1067 842 1285 896 proximos
1319 856 1446 897 agros
1481 842 1612 885 Gadis
1644 842 1782 885 rediit.

345 896 519 952 Magoni
559 897 792 952 desperatis
831 899 874 939 in
912 898 1125 954 Hispania
1162 901 1304 954 rebus,
1349 901 1394 942 in
1441 917 1620 956 quarum
1660 916 1781 957 spem

228 956 380 997 seditio
413 957 597 1010 primum
630 956 842 1011 militaris,
874 957 1025 999 deinde
1052 958 1233 1001 defectio
1260 958 1456 1001 Indibilis
1490 962 1654 1003 animos
1689 961 1779 1003 eius

229 1015 501 1069 sustulerant,
533 1015 704 1068 paranti
736 1015 916 1058 traicere
947 1017 989 1057 in
1019 1016 1212 1059 Africam
1244 1019 1489 1060 nuntiatum
1519 1020 1571 1061 ab
1600 1019 1780 1063 Cartha-

228 1074 325 1129 gine
359 1077 424 1115 est
455 1074 600 1115 iubere
634 1077 848 1129 senatum,
887 1078 933 1116 ut
965 1076 1165 1128 classem,
1203 1091 1329 1131 quam
1361 1077 1551 1119 Gadibus
1591 1079 1781 1133 haberet,

228 1133 272 1173 in
297 1132 469 1174 Italiam
495 1134 711 1187 traiceret3
745 1134 954 1176 conducta
979 1134 1040 1176 ibi
1067 1135 1285 1176 Gallorum
1314 1150 1360 1177 ac
1386 1135 1590 1191 Ligurum
1619 1141 1783 1192 quanta

227 1192 414 1233 maxima
446 1195 593 1246 posset
629 1193 851 1234 iuventute
894 1194 1172 1249 coniungeret
1204 1208 1247 1235 se
1279 1193 1516 1236 Hannibali
1548 1210 1631 1237 neu
1663 1210 1782 1238 sene·

233 1264 348 1292 scere
380 1251 538 1292 bellum
571 1252 758 1293 maximo
791 1251 967 1307 impetu,
997 1253 1158 1294 maiore
1188 1253 1362 1295 fortuna
1388 1257 1586 1308 coeptum
1613 1255 1785 1297 sineret.

272 1365 371 1389 nemo
397 1366 495 1389 unus
532 1356 714 1402 eoeternus]
748 1355 858 1399 „kein
891 1357 966 1392 ein-

225 1402 346 1436 zelner
378 1402 624 1444 Auslander“;
662 1414 762 1438 nemo
794 1414 890 1439 ‘unus
923 1421 966 1434 =

225 1449 283 1483 ein
305 1448 487 1484 einzelner
507 1450 557 1484 im
579 1449 784 1495 Gegensatz
803 1463 846 1485 zu
867 1451 968 1486 einer

225 1495 427 1539 Mehrheit3
466 1497 538 1542 vgl.
573 1508 601 1532 c.
635 1501 690 1539 37,
726 1502 745 1533 6
778 1509 841 1533 nec
871 1500 966 1543 quis-

225 1555 332 1588 quam
358 1563 401 1569 —
428 1555 544 1588 ἰω-καθ,-
568 1544 628 1579 bei
654 1545 730 1579 Liv.
759 1545 894 1591 haufig.

271 1591 388 1636 magis
407 1592 526 1637 em'aee]
548 1590 626 1626 Liv.
642 1592 846 1627 vermeidet
865 1595 969 1628 sonet

225 1638 296 1673 den
316 1638 557 1683 Komparativ
577 1639 723 1674 enixius
745 1639 864 1682 nicht,
893 1641 966 1686 vgl.

225 1685 284 1724 29,
307 1689 337 1727 1,
361 1689 402 1721 18
429 1696 535 1731 eoque
560 1687 715 1721 enixius.
748 1686 808 1730 37,
830 1691 861 1730 8,
884 1691 903 1722 3
931 1698 968 1723 eo

225 1733 388 1774 enixius,·
417 1732 511 1768 doch
538 1732 572 1777 4,
594 1737 652 1777 41,
673 1737 692 1768 9
719 1735 834 1779 mayz's
853 1735 966 1770 enixe.

224 1779 299 1824 vgl.
327 1779 361 1814 d.
387 1778 481 1815 Anh.

276 1831 328 1860 11.
356 1828 446 1862 satis
470 1828 629 1874 sperare]
658 1829 748 1863 satis
773 1828 968 1863 verbindet

226 1873 303 1908 sich
330 1874 391 1909 bei
410 1874 489 1909 Liv.
515 1874 569 1909 oft
594 1875 663 1909 mit
685 1876 835 1917 credere,
860 1876 968 1919 fidere

224 1933 257 1954 u⁴
292 1931 323 1955 a.
358 1933 421 1955 zur
452 1920 730 1967 Bezeichnung,
770 1922 849 1957 dass
885 1923 967 1957 eine

226 1969 445 2014 Erwartung
469 1969 574 2004 nicht
600 1968 688 2005 weit
712 1980 784 2004 von
810 1970 874 2004 der
900 1970 968 2005 Ge-

225 2014 387 2050 wissheit
398 2015 562 2051 entfernt
572 2017 641 2059 sei,
654 2017 822 2052 dasselbe
834 2017 969 2051 drfickt

226 2062 291 2097 der
325 2062 487 2097 Infinitiv
531 2074 602 2098 esse
638 2065 744 2107 (statt
775 2064 865 2108 fore)
902 2075 967 2099 aus

226 2126 268 2138 =
297 2120 335 2143 er
359 2109 457 2145 hoffe
484 2110 596 2145 stark.

266 2157 450 2201 perbrevis
487 2158 583 2203 aeci]
622 2169 684 2201 „es
709 2159 830 2193 werde
862 2159 966 2193 kurz-

225 2203 326 2248 lebig
363 2204 474 2239 sein“.
545 2205 596 2239 Zu
637 2217 761 2240 aevum
794 2222 837 2234 =
870 2210 968 2240 aetas

224 2251 297 2294 vgl.
325 2262 354 2286 c.
380 2255 435 2294 43,
464 2256 483 2287 6
509 2263 589 2287 cum
614 2254 729 2287 omnis
754 2254 834 2287 aevi
859 2253 968 2288 claris

188 2324 195 2331 .
224 2299 315 2332 viris
340 2310 372 2333 u.
401 2298 466 2343 26,
496 2303 550 2342 11,
579 2303 619 2333 12
647 2303 719 2334 tam
750 2300 864 2335 brevis
889 2301 968 2335 aevi

224 2355 440 2380 memoriam.

275 2396 325 2426 12.
343 2396 452 2437 caput
467 2404 585 2428 rerum
598 2394 691 2428 in—
702 2394 856 2429 hostium
871 2396 967 2439 equi-

224 2439 319 2484 tatu]
356 2440 402 2473 in
433 2441 612 2484 equitatu,
645 2441 729 2476 weil
761 2443 863 2476 sonst
889 2442 966 2476 drei

226 2485 396 2521 Genitivc
434 2498 505 2522 von
549 2487 724 2523 einander
771 2488 965 2533 abhangen

225 2532 401 2576 mi'isstem
434 2533 507 2579 vgl.
536 2534 594 2577 26,
623 2539 678 2578 38,
708 2538 750 2569 12
775 2536 966 2578 fortissimi

225 2581 382 2624 equitum
396 2584 466 2616 toto
478 2602 517 2606 —
528 2583 696 2617 exercitu.
712 2603 755 2607 —
771 2587 880 2627 caput
893 2594 964 2618 von

225 2626 386 2672 Dingen:
420 2628 674 2673 Hauptsache,
702 2629 964 2674 Hauptpunkt3

225 2686 297 2709 von
324 2675 524 2710 Personen:
559 2676 702 2721 Haupt,
737 2677 858 2719 Seele,
885 2687 963 2712 ver-

225 2722 371 2757 bunden
392 2723 486 2757 auch
505 2722 542 2756 in
563 2723 752 2759 letzterem
765 2723 875 2758 Sinne
896 2724 965 2758 mit

225 2780 311 2812 aroe;
332 2769 405 2813 vgl.
422 2782 450 2805 c.
466 2774 521 2813 42,
539 2775 580 2805 16
597 2774 705 2815 caput
725 2774 830 2816 atque
849 2782 965 2806 arcem

225 2817 301 2850 eius
326 2817 416 2851 belli.
451 2817 510 2860 38,
533 2822 587 2861 51,
608 2821 628 2852 4
655 2822 765 2863 eaput
790 2819 963 2854 columen—

225 2873 291 2906 que
314 2864 468 2907 imperii.

272 2911 445 2953 specimen
482 2913 599 2946 animi
629 2923 723 2956 prae
761 2923 796 2947 se
838 2913 963 2958 ferret]

1041 1356 1145 1399 „eine
1167 1357 1352 1393 deutliche
1367 1358 1484 1393 Probe
1504 1358 1622 1393 seines
1637 1359 1782 1394 Geistes

1040 1405 1169 1449 gcbe.“
1218 1405 1291 1450 vgl.
1325 1416 1353 1440 c.
1381 1409 1441 1449 21,
1475 1410 1495 1440 3
1527 1406 1576 1440 ad
1607 1407 1785 1451 specimen

1040 1452 1305 1487 ostendendum.

1082 1499 1278 1544 permissu]
1301 1499 1360 1534 die
1375 1500 1549 1536 Ablative
1569 1501 1666 1536 modi
1686 1501 1782 1536 nach

1040 1546 1104 1580 der
1142 1551 1174 1580 4.
1208 1546 1448 1582 Deklination
1486 1547 1567 1582 sind
1606 1547 1666 1582 bei
1702 1547 1781 1582 Liv.

1040 1593 1119 1627 auf:
1152 1595 1290 1628 monitu
1323 1595 1546 1638 (admonitu)
1577 1595 1680 1629 iussu
1711 1596 1782 1639 (in-

1040 1641 1156 1684 iussu)
1176 1642 1368 1685 pernstssu,
1398 1645 1567 1686 respectu,
1588 1642 1783 1685 arbitratu,

1040 1698 1212 1722 consensu
1255 1688 1488 1723 beschr'aukt.
1546 1689 1686 1724 Stellen
1730 1689 1781 1723 im

1040 1735 1134 1770 Anh.

1088 1791 1122 1817 c.
1151 1781 1307 1817 36-37.
1358 1781 1516 1818 Letzte
1551 1782 1781 1818 Versuche

1040 1829 1210 1874 Magos,
1240 1829 1435 1873 Spanien
1462 1842 1511 1864 zu
1536 1831 1696 1866 retten.

1090 1881 1118 1910 1.
1146 1877 1186 1910 in
1211 1888 1307 1921 spem
1333 1897 1375 1901 —
1403 1878 1543 1912 animos
1567 1878 1644 1913 eius
1663 1881 1781 1913 sustu-

1039 1924 1172 1969 lerant]
1206 1924 1359 1966 „hatten
1386 1923 1509 1959 seinen
1535 1923 1617 1959 Μυῒ,
1648 1945 1690 1950 -
1726 1923 1783 1959 bis

1040 1983 1085 2005 zu
1111 1969 1175 2005 der
1194 1970 1381 2016 Hoffnung
1407 1992 1449 1996 —
1477 1972 1678 2016 erhoben“;
1705 1971 1780 2017 vgl.

1039 2019 1074 2061 4,
1092 2022 1144 2061 15,
1161 2022 1181 2052 5
1200 2019 1387 2053 sustulisse
1404 2019 1556 2061 animos,
1576 2030 1657 2064 quo
1677 2020 1782 2062 nefas

1039 2065 1162 2107 fuerit.
1215 2065 1246 2108 7,
1280 2070 1311 2108 8,
1344 2069 1375 2101 4.
1430 2066 1463 2108 1,
1495 2070 1551 2109 32,
1578 2071 1609 2101 3.
1660 2066 1694 2109 3,
1722 2070 1778 2108 65,

1041 2117 1072 2147 6.
1112 2116 1173 2155 67,
1207 2117 1237 2147 6.
1269 2132 1310 2137 -—
1345 2112 1434 2146 Zum
1465 2113 1589 2147 Plural
1621 2114 1782 2148 animos:

1040 2159 1100 2203 27,
1127 2163 1183 2203 20,
1211 2164 1231 2194 4
1259 2160 1347 2204 quid
1372 2161 1575 2194 animorum
1596 2160 1780 2205 Hispanis

1039 2210 1134 2241 esset.

1086 2255 1207 2288 iubere
1237 2257 1416 2296 senatum,
1448 2254 1502 2299 ut]
1543 2254 1601 2289 die
1633 2254 1670 2289 in
1708 2254 1779 2289 den

1039 2299 1283 2335 Beschh‘issen
1316 2301 1380 2335 des
1413 2300 1564 2335 Senates
1597 2302 1689 2336 stete
1715 2312 1779 2336 an-

1039 2348 1254 2392 gewendete
1299 2347 1552 2392 Konjunktion
1595 2352 1636 2383 ut
1687 2348 1779 2383 wird

1039 2394 1228 2429 bisweilen
1272 2394 1329 2429 bei
1368 2395 1615 2440 Wiedergabe
1659 2395 1781 2431 dieser

1040 2442 1256 2476 Beschh'isse
1289 2442 1383 2476 auch
1421 2442 1515 2476 nach
1547 2443 1668 2478 iubere
1703 2442 1780 2478 bei-

1037 2488 1230 2531 behalten;
1267 2489 1456 2524 bisweilen
1483 2491 1576 2524 auch
1602 2501 1687 2533 nur,
1716 2500 1778 2524 um

1038 2536 1107 2570 mit
1137 2536 1201 2570 der
1232 2535 1682 2572 Infinitiv-Konstrnktion
1716 2536 1777 2571 ab·

1037 2583 1282 2626 zuwechseln;
1308 2584 1382 2628 vgl.
1402 2582 1469 2627 37,
1489 2588 1550 2628 51,
1573 2588 1589 2618 1
1617 2587 1658 2618 ut
1683 2584 1778 2618 dicto

1037 2631 1189 2665 audiens
1214 2633 1309 2673 esset,
1335 2632 1465 2665 iussus.

1084 2681 1115 2712 2.
1149 2689 1219 2713 neu
1244 2688 1418 2713 senescere
1442 2677 1583 2722 bellum]
1616 2677 1690 2722 vgl.
1717 2677 1778 2721 27,

1038 2728 1092 2768 20,
1120 2728 1140 2759 9
1166 2735 1339 2760 senescere
1363 2726 1483 2768 fawm‚·
1515 2723 1674 2759 dieselbe
1701 2724 1776 2759 Me-

1036 2772 1169 2816 tapher
1194 2772 1263 2806 mit
1289 2773 1415 2807 bellum
1439 2771 1498 2813 30,
1528 2775 1582 2815 19,
1612 2774 1664 2805 10.

1083 2820 1241 2854 maoeimo
1266 2820 1416 2863 impetu,
1447 2819 1581 2853 maiore
1606 2819 1777 2864 fortuna]

1038 2865 1130 2909 „mit
1149 2865 1303 2911 grofster
1323 2864 1537 2910 Tapferkeit
1556 2865 1641 2899 und
1662 2865 1775 2901 noch

1037 2912 1235 2958 grosserem
1263 2912 1416 2947 Glfick.“
1467 2912 1540 2946 Der
1566 2912 1778 2958 Superlativ
