1953 3278
130 175 154 193 n.
175 167 226 193 Ch.
247 168 305 192 κοῦ,
590 153 730 188 LIBER
759 152 922 187 XXVIII.
968 151 1069 187 CAP.
1101 154 1152 185 18.
1184 155 1234 184 19.
1627 148 1680 188 41

131 266 301 307 hostem
322 263 450 304 etiam
470 261 794 302 infestissimum
822 259 1002 301 facunde
1029 257 1295 312 adloquendo
1323 257 1403 298 sibi
1430 255 1684 308 conciliarit3

134 322 523 375 mirabilioremque
557 320 638 361 sibi
671 334 767 361 eum
800 319 937 360 virum
976 331 1205 371 congresso
1240 330 1382 357 coram
1414 315 1550 355 visum
1583 328 1684 367 prae
1712 322 1729 351 7

132 396 176 423 se
207 380 373 422 ferebat
404 393 530 433 quam
562 379 674 419 bello
707 379 832 419 rebus
865 377 1010 430 gestis,
1042 389 1118 416 nec
1145 375 1351 425 dubitare,
1384 374 1487 428 quin
1514 371 1685 427 Syphax
1712 379 1732 409 8

133 452 397 494 regnumque
443 438 530 479 eius
575 438 659 478 iam
705 436 748 477 in
794 435 1085 476 Romanorum
1130 436 1271 474 essent
1316 434 1548 486 potestate:
1593 444 1687 472 eam

133 501 268 540 artem
303 497 368 538 illi
400 497 489 537 viro
529 496 580 537 ad
613 493 903 537 conciliandos
943 492 1108 532 animos
1141 505 1245 531 esse.
1307 491 1450 544 itaque
1482 503 1570 531 non
1603 503 1686 543 quo
1714 498 1733 525 ‘J

131 556 257 598 modo
278 555 514 610 Hispaniae
537 555 720 595 amissae
741 553 826 593 sint
847 550 1135 604 quaerendum
1161 549 1299 603 magis
1321 547 1688 602 Carthaginiensi-

132 616 212 657 bus
245 628 350 667 esse,
382 628 509 667 quam
536 626 619 666 quo
646 610 772 652 modo
800 609 991 650 Africam
1024 608 1239 649 retineant
1265 606 1551 662 cogitandum.
1602 620 1688 647 non
1717 614 1760 643 10

133 672 553 728 peregrinabundum
585 683 721 723 neque
754 669 865 709 circa
897 681 1096 708 amoenas
1129 680 1226 707 oras
1259 668 1488 720 vagantem
1521 667 1690 705 tantum

134 732 284 773 ducem
310 731 550 772 Romanum
578 728 725 769 relicta
753 726 972 781 provincia
999 739 1136 766 novae
1162 724 1356 777 dicionis,
1387 723 1548 765 relictis
1576 737 1690 764 exer-

135 790 310 843 citibus,
355 789 518 830 duabus
556 786 738 827 navibus
783 786 827 826 in
866 784 1055 825 Africam
1087 783 1307 824 traiecisse
1345 785 1388 823 et
1428 782 1691 824 commisisse

136 863 228 890 sese
260 849 304 889 in
334 847 534 888 hostilem
566 848 737 898 terram,
769 844 813 885 in
844 845 1103 897 potestatem
1132 842 1308 896 regiam,
1340 842 1384 882 in
1415 841 1542 881 fidem
1574 840 1691 881 inex-

134 910 319 962 pertam,
356 905 428 947 sed
466 904 699 958 potiundae
738 902 910 944 Africae
949 916 1066 955 spem
1109 901 1409 942 adfectantem.
1476 899 1558 941 hoc
1596 912 1692 939 eum
1721 906 1760 935 11

134 967 220 1007 iam
250 964 415 1019 pridem
447 964 639 1004 volutare
671 963 716 1002 in
748 962 903 1014 animo,
933 960 1015 1001 hoc
1047 960 1191 1014 palam
1222 959 1418 1011 fremere,
1451 957 1563 1013 quod
1594 971 1694 1010 non,

135 1037 259 1078 quem
286 1022 340 1064 ad
365 1022 537 1063 modum
565 1020 786 1062 Hannibal
811 1020 855 1060 in
874 1019 1010 1071 Italia,
1037 1019 1097 1060 sic
1125 1017 1266 1072 Scipio
1293 1018 1335 1058 in
1361 1017 1508 1058 Africa
1534 1017 1694 1057 bellum

136 1084 313 1137 gereret.
376 1079 518 1134 Scipio
552 1080 719 1121 foedere
745 1079 828 1120 icto
862 1092 958 1119 cum
986 1076 1182 1131 Syphace
1214 1077 1430 1130 profectus
1458 1089 1509 1116 ex
1535 1075 1694 1127 Africa,
1725 1081 1765 1110 12

136 1140 361 1194 dubiisque
382 1143 424 1181 et
450 1139 698 1193 plerumque
720 1137 857 1179 saevis
881 1137 926 1177 in
953 1136 1040 1177 alto
1067 1136 1252 1177 iactatus
1277 1135 1419 1177 ventis
1447 1134 1514 1176 die
1542 1135 1694 1188 quarto

137 1198 287 1240 Novae
320 1197 595 1252 Carthaginis
627 1199 801 1251 portum
832 1195 982 1236 tenuit.

255 1256 492 1311 Hispaniae
525 1257 634 1297 sicut
659 1270 683 1296 a
709 1255 822 1296 bello
849 1253 1011 1295 Punico
1040 1254 1208 1308 quietae
1235 1254 1367 1305 erant,
1399 1252 1460 1292 ita
1487 1251 1695 1305 quasdam
1720 1251 1767 1285 19

138 1316 334 1359 civitates
372 1317 549 1370 propter
586 1314 892 1357 conscientiam
930 1313 1079 1367 culpae
1117 1313 1235 1353 metu
1272 1310 1411 1365 magis
1450 1325 1578 1365 quam
1616 1308 1696 1350 fide

141 1375 306 1429 quietas
340 1388 433 1415 esse
467 1374 715 1428 apparebat,
747 1387 926 1426 quarum
959 1384 1155 1412 maxume
1187 1370 1376 1424 insignes
1410 1372 1452 1410 et
1484 1368 1697 1423 magnitu-

141 1434 237 1475 dine
270 1436 312 1475 et
342 1447 454 1474 noxa
479 1432 650 1487 Iliturgi
681 1434 723 1472 et
750 1430 927 1473 Castulo
955 1432 1087 1472 erant.
1138 1428 1327 1481 Castulo,
1359 1442 1454 1469 cum
1482 1427 1697 1481 prosperis
1725 1435 1744 1464 2

189 1553 218 1584 7.
246 1558 432 1593 conyresso
455 1548 589 1592 coram]
619 1546 824 1591 „nachdem
844 1557 884 1581 er

140 1595 210 1630 mit
259 1594 336 1629 ihm
391 1593 603 1639 personlich
656 1604 883 1628 zusammen-

141 1642 399 1687 gekommen.“
445 1652 565 1676 coram
591 1640 797 1675 adverbiell
822 1651 884 1675 an-

144 1689 357 1732 zuwenden,
383 1688 433 1722 ist
455 1688 560 1731 alter,
580 1687 885 1723 volksti‘imlicher

142 1736 487 1781 Sprachgebrauch,
538 1735 612 1779 vgl.
645 1735 711 1777 26,
752 1738 812 1778 17,
852 1739 883 1769 6.

956 1545 1059 1580 Doch
1085 1545 1179 1579 auch
1205 1543 1270 1587 26,
1298 1546 1358 1587 35,
1389 1547 1406 1577 7
1434 1543 1629 1587 propalam
1656 1561 1700 1566 ——

955 1592 1170 1635 fremebant3
1210 1591 1346 1632 seiten,
1385 1589 1454 1624 wie
1493 1589 1589 1632 hier,
1628 1600 1701 1624 von

958 1638 1194 1674 einzelnen
1238 1639 1425 1672 Personen
1468 1637 1536 1680 21,
1576 1640 1639 1679 41,
1679 1640 1699 1670 9

959 1686 1195 1730 (Hamilcar)
1252 1685 1405 1732 fremens
1453 1694 1700 1728 maerensque3

958 1734 1074 1767 selten
1114 1733 1209 1767 auch
1243 1743 1315 1766 von
1347 1731 1604 1775 Ausserungen
1638 1730 1704 1765 der

141 1783 209 1827 27,
244 1787 302 1826 12,
329 1786 350 1817 2
383 1795 417 1818 u.
444 1794 476 1817 0.
526 1782 761 1826 Pr'aposition
794 1781 886 1816 wird

142 1840 262 1866 coram
288 1831 362 1864 erst
385 1829 446 1864 bei
472 1828 610 1864 Cicero.

192 1881 223 1911 9.
245 1887 314 1921 quo
333 1877 436 1911 modo
451 1896 495 1901 ——
510 1877 664 1910 amissae
682 1876 757 1910 sint
782 1886 888 1920 quae-

143 1923 312 1968 rendum]
338 1934 412 1966 um,
442 1923 625 1957 nachdem
652 1923 711 1956 die
738 1922 887 1957 Grunde

144 1971 208 2006 des
234 1969 425 2004 Verlustes
451 1969 607 2004 erkannt
633 1969 750 2013 seien,
776 1969 888 2004 Mass-

144 2017 272 2063 regeln
322 2029 386 2051 zur
436 2016 795 2061 Wiedererlangung
849 2015 888 2050 in

147 2064 341 2099 korrekter
360 2062 484 2098 Weise
508 2062 640 2098 treffen
661 2075 704 2097 zu
730 2064 886 2097 konnen.

193 2115 248 2146 10.
278 2121 352 2146 non
382 2110 755 2155 peregrinabundum]
791 2110 891 2144 diese

145 2158 255 2193 Form
276 2170 345 2192 nur
369 2157 450 2192 hier
475 2156 515 2191 in
540 2157 606 2191 der
631 2168 770 2201 ganzen
791 2156 891 2191 Lati-

147 2205 245 2239 nitat
277 2204 536 2249 angewendet;
574 2204 681 2238 daffir
714 2204 753 2246 1,
780 2207 844 2247 29,
870 2207 890 2237 3

148 2252 350 2287 errabundi
376 2271 417 2276 —-
439 2254 741 2296 pervayarentur.

196 2309 309 2333 novae
328 2298 500 2344 dicionis]
517 2298 653 2342 „deren
669 2296 891 2341 Botm'assig-

149 2345 230 2380 keit
266 2345 362 2380 noch
398 2356 471 2379 neu
508 2344 601 2387 sei“;
640 2344 789 2379 Genitiv
827 2343 891 2378 der

151 2391 393 2436 Eigenschaft
416 2408 461 2420 =
489 2402 607 2436 nuper
638 2392 794 2426 dicionis
824 2392 892 2425 im-

145 2439 311 2483 periique
329 2438 490 2473 Romani
514 2439 605 2481 facti
630 2438 690 2482 22,
711 2442 768 2481 20,
790 2442 844 2472 11.

199 2496 297 2529 spem
345 2485 599 2531 adfectantem]
658 2486 780 2528 „nach
829 2485 894 2519 der

150 2531 476 2575 Verwirklichung
501 2532 567 2566 der
590 2532 779 2576 Hoffnung
804 2533 893 2566 stre-

151 2578 291 2622 bend“;
330 2578 463 2613 anders
502 2579 556 2612 als
595 2590 623 2613 e.
653 2583 713 2621 17,
748 2582 791 2613 10
830 2579 894 2613 ad-

149 2626 302 2670 fectanti
325 2636 381 2661 res
406 2625 569 2667 Africae.

202 2676 256 2707 11.
282 2674 348 2708 lzoc
370 2673 496 2717 palam
520 2672 683 2717 fremere]
714 2671 898 2715 „darfiber

157 2719 301 2755 aussere
334 2730 373 2754 er
399 2719 494 2753 offen
527 2718 652 2753 seinen
678 2718 899 2754 Unwillen.“

155 2767 268 2809 fremo
305 2766 524 2812 bezeichpet
560 2764 796 2810 gewohnlich
840 2765 900 2800 die

153 2813 428 2848 halblauten
448 2813 706 2857 Ausserungen
731 2812 794 2846 des
814 2811 900 2846 Un-

154 2860 339 2895 willens
389 2859 489 2895 einer
531 2859 900 2904 Versammlung3

156 2906 272 2942 daher
307 2907 455 2951 fremere
492 2907 622 2943 occulti
660 2906 725 2950 25,
766 2909 827 2950 28,
868 2909 899 2940 6.

958 1779 1100 1814 Frende
1132 1779 1172 1822 6,
1207 1783 1244 1821 6,
1279 1783 1321 1814 18
1356 1783 1481 1823 patres
1519 1798 1562 1803 ——
1598 1778 1704 1812 erecti

959 1827 1096 1871 qaudio
1130 1827 1299 1869 fremunt.
1329 1826 1387 1869 10,
1416 1830 1470 1869 14,
1499 1829 1540 1859 19
1567 1825 1704 1871 glaudio

960 1875 1100 1909 alacres
1124 1874 1294 1916 fremunt.

1010 1936 1065 1967 12.
1090 1932 1229 1974 foedere
1254 1931 1338 1976 icto]
1369 1931 1450 1965 d.h.
1472 1929 1602 1965 soweit
1627 1929 1705 1964 dies

959 1979 1019 2013 fiir
1045 1978 1168 2023 Scipio
1201 1978 1295 2013 ohne
1327 1977 1524 2012 staatliche
1558 1975 1706 2011 Antori-

962 2026 1110 2070 sierung
1134 2024 1300 2069 moglich
1325 2036 1411 2059 war.

1012 2094 1047 2120 e.
1075 2084 1249 2119 19—20.
1300 2082 1578 2127 Bestrafung
1622 2092 1706 2116 von

964 2131 1153 2175 Iliturgi
1182 2130 1269 2164 und
1296 2129 1493 2165 Castulo.

1011 2199 1047 2225 c.
1069 2190 1128 2233 19,
1151 2193 1181 2224 1.
1204 2201 1227 2224 α
1254 2190 1342 2224 bello
1368 2189 1522 2233 quietae]
1551 2187 1621 2222 wie
1646 2187 1708 2222 bei

964 2240 1064 2272 tutus
1096 2237 1198 2271 steht
1229 2236 1290 2272 bei
1320 2238 1462 2280 quietus
1491 2235 1550 2269 die
1578 2234 1708 2277 Sache‚

964 2284 1029 2319 der
1048 2284 1261 2328 gegenfiber
1279 2294 1365 2318 man
1383 2282 1626 2327 unbel'astigt‚
1645 2292 1709 2325 ge-

965 2331 1112 2366 schsitzt
1143 2330 1209 2373 ist,
1247 2330 1317 2364 mit
1351 2342 1374 2364 a
1406 2346 1450 2358 =
1483 2340 1553 2364 von
1589 2328 1708 2363 seiten

965 2378 1029 2412 des
1054 2377 1226 2422 Krieges3
1252 2377 1326 2422 vgl.
1347 2376 1408 2420 39,
1434 2380 1490 2419 24,
1517 2380 1537 2410 9
1568 2377 1709 2420 quietus

965 2436 989 2459 a
1015 2425 1125 2459 bellis.

1013 2471 1167 2516 Ilituryi
1209 2475 1241 2506 et
1286 2470 1447 2515 Castulo]
1498 2468 1605 2504 beide
1650 2479 1711 2502 am

966 2517 1093 2553 Baetis
1123 2518 1267 2553 sfidlich
1299 2518 1363 2552 des
1397 2518 1522 2552 Saltus
1549 2515 1710 2550 Castulo-

966 2576 1099 2600 nenszs.

1014 2629 1047 2659 2.
1077 2623 1224 2659 Castulo
1244 2644 1288 2649 —
1308 2622 1480 2668 fuissent]
1501 2632 1606 2656 wenn
1625 2632 1712 2655 man

970 2671 1076 2706 nicht
1118 2671 1300 2713 vorzieht,
1352 2670 1625 2705 Castulonenses
1668 2679 1713 2701 zu

971 2718 1089 2760 lesen,
1139 2729 1215 2751 was
1265 2717 1348 2751 dem
1397 2715 1596 2761 folgenden
1643 2714 1714 2749 Ili-

971 2765 1154 2809 turyitant
1180 2764 1423 2808 entsprechen
1448 2762 1591 2805 wiirde,
1617 2760 1714 2796 muss

972 2821 1059 2844 man
1099 2810 1179 2845 eine
1227 2809 1316 2844 freie
1351 2808 1621 2844 Konstruktion
1665 2808 1716 2843 ad

972 2867 1114 2892 sensum
1163 2857 1386 2901 annehmen,
1443 2856 1504 2891 bei
1555 2855 1716 2890 welcher-

973 2905 1128 2947 fuissent
1153 2904 1229 2939 sich
1255 2914 1304 2938 an
1334 2904 1424 2940 socii
1455 2903 1609 2938 anlehnt
1639 2901 1715 2937 und.
