1953 3278
147 142 172 159 e.
194 136 242 160 ιἰι.
265 136 324 160 205.
638 124 779 158 LIBER
805 123 968 158 XXVIII.
1019 122 1120 158 CAP.
1149 127 1203 157 43.
1644 124 1698 163 99

148 233 300 287 spania
324 231 524 273 fuerunt?
571 247 624 272 an
651 234 770 273 aetas
791 246 885 272 mea
905 234 1005 272 tunc
1027 231 1235 272 maturior
1257 230 1369 271 bello
1390 229 1576 284 gerendo
1606 231 1699 283 fuit,

145 305 272 346 quam
310 304 423 331 nunc
462 289 554 331 est?
627 304 680 331 an
719 304 814 331 cum
860 288 1204 344 Carthaginiensi
1245 288 1367 330 hoste
1405 288 1449 329 in
1488 287 1698 341 Hispania

146 363 274 403 quam
306 349 350 389 in
384 348 528 389 Africa
560 349 717 389 bellum
751 349 841 403 geri
875 348 1013 402 aptius
1047 348 1139 389 est?
1184 347 1307 388 facile
1340 349 1418 401 est,
1451 348 1550 400 post
1581 346 1698 388 fusos

147 407 403 462 fugatosque
436 410 638 461 quattuor
670 407 880 448 exercitus
914 406 1110 459 Punicos,
1143 409 1241 460 post
1272 409 1337 446 tot
1369 406 1493 446 urbes
1527 404 1568 446 vi
1601 419 1697 458 cap-

144 469 211 506 tas
244 468 318 506 aut
351 468 464 506 metu
497 466 694 507 subactas
730 465 772 505 in
806 464 1028 517 dicionem,
1060 467 1159 517 post
1190 464 1427 517 perdomita
1459 464 1602 505 omnia
1628 478 1696 504 us-

143 538 222 578 que
250 524 303 565 ad
331 523 558 577 Oceanum,
591 526 657 565 tot
682 523 864 577 regulos,
896 525 962 563 tot
988 536 1135 562 saevas
1163 525 1325 576 gentes,
1358 526 1455 575 post
1482 524 1695 576 receptam

143 585 279 623 totam
314 582 567 637 Hispaniam
599 582 676 634 ita,
714 583 761 621 ut
792 580 1022 634 vestigium
1056 580 1158 620 belli
1189 580 1353 620 nullum
1387 581 1595 634 reliquum
1629 581 1696 634 sit,

143 641 306 682 elevare
334 656 449 682 meas
477 654 542 682 res
569 642 725 695 gestas,
756 641 845 679 tam
872 638 1054 692 hercule,
1081 652 1220 692 quam,
1251 639 1286 678 si
1313 639 1449 679 victor
1475 653 1523 679 ex
1553 638 1698 680 Africa

144 699 361 752 redierim,
397 713 446 740 ea
478 700 569 752 ipsa
601 698 786 751 elevare,
825 711 932 751 quae
965 711 1076 738 nunc
1109 696 1319 738 retinendi
1352 697 1433 738 mei
1467 711 1612 750 causa,
1649 700 1696 738 ut

142 758 352 799 terribilia
390 757 534 798 eadem
573 756 812 808 videantur,
852 755 992 796 verbis
1033 755 1305 796 extolluntur.
1367 759 1497 810 negat
1532 755 1694 797 aditum

143 831 234 858 esse
266 817 309 857 in
343 815 552 868 Africam,
590 818 721 869 negat
759 814 868 855 ullos
906 817 1051 868 patere
1090 817 1257 867 portus,
1297 814 1351 855 M,
1386 815 1565 855 Atilium
1598 829 1694 869 cap-

141 877 231 916 tum
258 875 302 915 in
328 873 475 915 Africa
501 876 818 927 commemorat,
850 876 1068 927 tamquam
1096 872 1152 915 Μ.
1173 873 1330 914 Atilius
1357 873 1494 927 primo
1522 887 1694 914 accessu

142 933 194 974 ad
227 932 416 973 Africam
453 932 694 985 offenderit,
730 946 866 986 neque
904 931 1151 973 recordatur
1187 932 1250 973 illi
1288 932 1373 985 ipsi
1412 934 1500 973 tam
1534 931 1692 974 infelici

139 991 385 1046 imperatori
414 991 601 1045 patuisse
634 994 779 1032 tamen
811 992 959 1045 portus
987 990 1167 1043 Africae,
1201 993 1245 1031 et
1264 1004 1331 1031 res
1359 991 1529 1045 egregie
1555 990 1693 1044 primo

141 1064 251 1091 anno
291 1050 476 1104 gessisse
515 1053 573 1103 et,
613 1051 817 1104 quantum
859 1049 911 1090 ad
944 1047 1320 1103 Carthaginienses
1360 1049 1485 1090 duces
1519 1049 1694 1103 adtinet,

140 1108 346 1150 invictum
373 1108 425 1150 ad
452 1109 650 1150 ultimum
676 1108 972 1163 permansisse.
1018 1107 1127 1148 nihil
1147 1108 1282 1163 igitur
1301 1122 1368 1149 me
1389 1108 1473 1149 isto
1500 1108 1694 1161 exemplo

139 1167 350 1208 terrueris.
413 1168 447 1208 si
479 1167 560 1208 hoc
590 1167 713 1220 bello,
743 1181 831 1208 non
857 1167 1009 1221 priore,
1043 1167 1078 1207 si
1103 1181 1239 1220 nuper
1265 1169 1307 1208 et
1331 1181 1417 1208 non
1445 1167 1568 1208 annis
1596 1169 1694 1207 ante

141 1226 425 1280 quadraginta
450 1226 533 1267 ista
559 1226 697 1266 clades
725 1228 898 1279 accepta
924 1226 1045 1277 foret,
1071 1228 1144 1279 qui
1171 1238 1250 1279 ego
1272 1225 1413 1266 minus
1440 1225 1484 1266 in
1506 1225 1695 1266 Africam

139 1284 304 1339 Regulo
327 1287 452 1338 capto
474 1299 600 1339 quam
622 1283 892 1338 Scipionibus
915 1284 1066 1325 occisis
1093 1284 1138 1324 in
1160 1283 1412 1338 Hispaniam
1441 1284 1693 1325 traicerem?

138 1356 213 1384 nec
246 1343 411 1384 felicius
444 1342 739 1397 Xanthippum
766 1342 1150 1384 Lacedaemonium
1179 1340 1432 1397 Carthagini
1465 1357 1593 1397 quam
1626 1357 1692 1384 me

135 1401 300 1454 patriae
338 1416 456 1443 meae
495 1402 676 1443 sinerem
714 1404 861 1442 natum
901 1415 1009 1454 esse,
1055 1404 1346 1455 cresceretque
1392 1401 1497 1442 mihi
1543 1416 1592 1442 ex
1639 1416 1687 1442 eo

136 1459 230 1514 ipso
264 1460 426 1514 fiducia,
459 1460 570 1515 quod
603 1463 749 1514 posset
781 1461 823 1501 in
855 1460 1040 1501 hominis
1067 1460 1192 1500 unius
1219 1460 1374 1500 virtute
1406 1462 1574 1500 tantum
1602 1475 1690 1501 mo-

137 1519 268 1559 menti
309 1532 411 1560 esse.
480 1522 524 1559 at
562 1520 691 1560 etiam
731 1518 1012 1560 Athenienses
1052 1518 1247 1559 audiendi
1289 1524 1405 1572 sunt,
1449 1521 1608 1560 temere
1647 1520 1692 1560 in

951 1611 1110 1653 offendat
1141 1611 1181 1644 in
1213 1621 1260 1644 eo.
1313 1609 1380 1654 34,
1414 1614 1474 1654 36,
1509 1615 1528 1644 2
1564 1622 1605 1646 ea
1641 1623 1695 1646 res

186 1614 240 1644 14.
270 1611 399 1645 bellum
417 1612 495 1655 qen·
514 1612 638 1655 aptius
657 1611 721 1656 est]
750 1611 821 1654 „ist
841 1622 878 1645 es

951 1656 1161 1700 offendebat.

135 1657 353 1701 passender,
385 1656 498 1702 Krieg
530 1669 572 1691 zu
604 1658 779 1698 ffihren“;
819 1657 877 1692 die

135 1703 404 1739 Konstruktion
442 1704 490 1738 ist
526 1706 629 1738 sonst
660 1704 740 1739 eine
776 1704 878 1738 dich-

135 1750 310 1794 terische3
331 1750 404 1795 vgl.
421 1750 454 1793 S,
471 1755 526 1794 26,
542 1755 561 1785 6
582 1751 711 1796 quibus
730 1752 878 1796 diqnius

136 1798 233 1832 credi
264 1801 313 1832 est
344 1810 379 1832 u.
406 1799 529 1842 aptius
559 1799 676 1833 cisum
707 1797 777 1832 mit
810 1798 875 1832 Inf.

135 1844 195 1886 37,
222 1848 278 1885 28,
306 1848 336 1879 9.
369 1844 428 1886 39,
455 1849 511 1888 41,
539 1849 570 1879 5.

182 1892 350 1926 subactas
363 1893 404 1926 in
417 1892 608 1937 dicionem]
632 1891 878 1936 gewohnlich,

136 1938 205 1972 wie
231 1949 260 1972 c.
283 1941 338 1980 21,
368 1942 384 1972 1
412 1939 570 1984 rediyere
594 1940 635 1973 in
660 1939 847 1973 dicionem.

186 1988 238 2019 15.
265 1986 453 2029 vestiyinm
479 1986 562 2020 belli
585 1985 742 2030 nullum]
769 1985 878 2020 keine

135 2030 233 2076 Spur
253 2031 354 2066 einer
372 2032 595 2067 feindlichen
616 2033 752 2076 Macht,
780 2032 878 2067 eines

136 2079 424 2113 Widerstandes.

184 2129 344 2161 17—21.
415 2126 745 2170 Widerlegung
800 2126 878 2160 der

135 2171 441 2216 angebliehen
503 2172 879 2207 Gef'ahrlichkeit

135 2219 481 2254 uberseeischer
512 2219 877 2254 Unternehmun-

135 2277 236 2310 gen3
275 2265 347 2301 den
385 2266 632 2311 angeffihrten
669 2266 878 2311 Beispielen

136 2314 179 2356 (c.
207 2316 270 2355 41,
297 2316 464 2357 17-42,
498 2316 530 2356 1)
557 2313 704 2348 werden
730 2313 877 2357 andere,

135 2360 308 2403 gtinstige
339 2360 687 2404 entgegengestellt.

186 2409 239 2440 17.
266 2410 372 2450 ναρρατ
387 2427 429 2430 -
444 2410 602 2451 neyat—
613 2408 872 2452 commemorat]

135 2452 208 2497 vgl.
237 2455 256 2493 ξ
283 2456 302 2485 2
329 2464 363 2487 u.
391 2457 421 2487 9.

176 2501 299 2543 primo
313 2509 455 2534 accessu
464 2519 505 2524 --
515 2500 716 2546 offenderit]
729 2500 877 2544 „gleich

134 2546 196 2581 bei
227 2546 292 2580 der
322 2546 503 2590 Landung
537 2566 578 2570 —
611 2545 718 2582 einen
749 2547 876 2581 Unfall

135 2592 325 2633 erlitten“;
353 2593 386 2627 d.
408 2592 442 2626 h.
464 2593 688 2637 geschlagen
709 2593 771 2627 sei.
801 2594 874 2638 vgl.

134 2638 195 2683 35,
210 2643 266 2682 26,
296 2644 338 2674 10
363 2641 396 2674 si
423 2641 462 2674 in
484 2650 522 2674 re
545 2640 672 2674 navali
698 2659 740 2664 —
768 2641 877 2682 offen-

135 2687 244 2722 disset
254 2700 266 2728 ‚·
310 2686 475 2730 h‘aufiger
517 2686 694 2720 bedeutet
736 2687 876 2728 offendo

135 2733 283 2768 absolut
309 2751 350 2762 =
378 2732 527 2767 Anstoss
554 2733 613 2767 bei
633 2733 794 2767 anderen
821 2743 874 2767 er-

135 2790 264 2824 regem
291 2780 364 2824 vgl.
388 2780 421 2822 2,
443 2784 476 2821 2,
503 2783 522 2813 3
550 2790 629 2814 cum
653 2779 747 2814 nihil
773 2780 877 2814 aliud

135 2827 332 2870 offenderit.
379 2826 420 2869 4,
448 2831 509 2870 42,
538 2830 557 2860 2
584 2837 663 2861 cum
690 2827 877 2861 consulare

136 2883 262 2908 nomen
299 2874 498 2917 offenderet.
555 2873 595 2916 3,
630 2877 690 2915 12,
725 2877 743 2907 7
783 2874 877 2917 quod

1001 1708 1054 1739 18.
1087 1705 1149 1748 qui
1181 1714 1242 1748 eqo
1274 1705 1393 1739 minas
1419 1725 1461 1729 —
1491 1705 1692 1750 traicerem]

951 1752 1013 1795 qui
1040 1768 1084 1778 =
1110 1752 1301 1795 quomodo,
1332 1751 1389 1786 bei
1424 1751 1551 1786 Cicero
1582 1753 1694 1786 meist

952 1797 1018 1832 auf
1028 1797 1270 1842 Verbindung
1295 1798 1363 1832 mit
1387 1799 1439 1841 fit,
1460 1801 1588 1842 potest,
1613 1800 1695 1842 fieri

947 1848 1079 1889 potest,
1105 1845 1200 1879 venit
1226 1846 1266 1878 in
1288 1849 1434 1879 mentem
1455 1845 1691 1889 beschr5nkt,

952 1891 1044 1926 wird
1066 1891 1128 1925 bei
1147 1891 1222 1926 Liv.
1244 1892 1282 1925 in
1302 1892 1488 1926 weiterem
1509 1891 1692 1937 Umfange

952 1937 1212 1983 angewendet:
1243 1939 1316 1982 vgl.
1345 1938 1379 1981 2,
1400 1942 1431 1981 4,
1453 1943 1473 1972 4
1500 1940 1605 1973 aliter
1630 1941 1693 1984 qui

952 1986 1158 2020 credituros.
1204 1986 1243 2028 6,
1272 1989 1332 2027 37,
1361 1990 1380 2019 6
1407 1987 1469 2030 qui
1501 1987 1690 2022 crederent.

951 2032 1011 2075 30,
1040 2036 1094 2074 10,
1122 2037 1141 2067 3
1168 2034 1230 2076 qui
1256 2033 1349 2066 enim
1374 2033 1595 2067 restitissent.
1632 2033 1690 2074 32,

951 2083 1007 2121 21,
1036 2083 1079 2113 15
1105 2080 1168 2123 qui
1193 2089 1357 2113 recusare
1378 2083 1503 2123 potest.
1536 2079 1595 2123 36,
1619 2084 1649 2123 7,
1672 2084 1691 2114 7

950 2128 1014 2169 qni
1039 2126 1206 2160 dubitare
1231 2127 1274 2160 de
1298 2130 1424 2160 eventu
1445 2127 1590 2170 possim.
1630 2127 1691 2167 37,

952 2176 1006 2215 19,
1027 2176 1047 2206 2
1074 2174 1137 2217 qui
1157 2192 1200 2197 —-
1221 2173 1310 2217 leyes
1330 2174 1437 2217 pacis
1462 2174 1690 2217 accipiemus.

949 2219 1011 2262 39,
1032 2223 1087 2262 30,
1112 2223 1154 2253 10
1181 2232 1214 2253 u.
1235 2224 1291 2262 37,
1316 2224 1352 2261 23
1381 2220 1577 2254 besonders
1604 2221 1692 2255 aber

948 2265 988 2309 3,
1016 2271 1078 2307 39,
1106 2271 1125 2301 6
1162 2268 1237 2311 qui
1270 2268 1360 2301 sibi
1391 2286 1434 2292 —
1466 2268 1611 2301 minus
1646 2288 1690 2292 —

949 2314 1066 2348 liceat.

998 2364 1053 2395 19.
1091 2361 1234 2403 felicius
1262 2382 1298 2385 —r
1330 2364 1458 2395 natum
1496 2361 1582 2406 esse]

950 2407 1150 2451 grosserem
1195 2407 1338 2442 Gh'icke
1382 2407 1544 2451 geboren
1587 2407 1690 2450 ffir“;

948 2454 1101 2488 korrekt
1132 2454 1267 2489 musste
1305 2454 1559 2498 fortgefahren
1595 2455 1689 2489 sein:

949 2504 1014 2535 aut
1033 2503 1094 2545 qui
1111 2522 1153 2525 —
1168 2502 1290 2536 minus
1308 2502 1445 2544 felicem-
1465 2512 1516 2535 me
1530 2502 1690 2545 patriae,

949 2559 1056 2591 quam
1095 2548 1352 2592 Xanthippum
1390 2569 1429 2572 —
1474 2548 1692 2592 Carthagiini

948 2598 1075 2629 natum
1102 2596 1264 2630 sinerem.

998 2641 1277 2686 Xanthippum]

949 2687 1054 2721 soher
1090 2687 1386 2729 Soldnerffihrer,
1425 2687 1585 2722 welcher
1623 2687 1689 2722 das

949 2734 1214 2777 karthagische
1258 2734 1356 2768 Heer
1405 2734 1688 2777 reorganisiertc

948 2780 1023 2814 und
1049 2780 1119 2815 den
1145 2780 1308 2825 Regulus
1333 2780 1464 2824 schlug
1490 2782 1598 2824 (255).

998 2830 1053 2860 20.
1076 2831 1114 2861 at
1133 2829 1237 2862 etiam
1260 2828 1509 2873 Athenienses]
1531 2832 1569 2862 at
1587 2827 1689 2861 ffihrt

949 2873 1019 2908 den
1056 2873 1271 2918 unwinigen
1310 2874 1446 2908 Ausruf
1480 2874 1555 2910 ein:
1601 2874 1689 2910 aber

1360 2935 1406 2966 ἲ*

1623 2372 1691 2404 „zu

1329 2641 1389 2675 ein
1438 2641 1689 2675 lakedamoni-

1729 300 1765 328 lI

1727 532 1766 562 15

1725 649 1766 679 16

1724 766 1764 796 17

1725 1118 1766 1148 18

1721 1354 1763 1385 19

1718 1529 1761 1560 20
