1953 3278
175 864 215 892 10

176 1040 213 1069 11

243 156 299 196 94
737 152 877 187 LIBER
902 151 1068 186 XXVIII.
1115 152 1216 186 CAP.
1233 157 1299 188 =42.

1633 169 1658 187 a.
1680 169 1710 187 u.
1731 163 1798 188 549.

243 262 600 316 circumspexeris,
632 260 807 301 hostilia
838 259 983 300 omnia
1015 260 1140 312 atque
1171 258 1338 300 infesta.
1400 274 1455 301 an
1487 258 1674 315 Syphaci
1702 259 1794 302 Nu-

242 322 396 376 midisq
399 335 449 362 ue
482 318 645 361 credis?
707 318 814 360 satis
847 318 904 359 sit
935 318 1066 359 semel
1098 317 1321 359 creditum:
1353 332 1439 360 non
1469 334 1636 373 semper
1663 321 1796 360 teme-

240 382 346 422 ritas
379 383 444 420 est
468 377 584 430 felix,
615 379 658 418 et
683 377 799 418 fraus
825 376 951 418 fidem
977 376 1023 417 in
1047 376 1190 431 parvis
1224 376 1306 417 sibi
1331 378 1573 432 praestruit,
1604 381 1663 431 ut,
1695 392 1791 419 cum

243 452 393 493 operae
432 411 617 492 pretiuin
656 437 730 490 sit,
774 450 869 477 cum
908 435 1099 477 mercede
1137 449 1294 490 magna
1331 434 1465 477 fallat
1532 451 1618 478 non
1653 412 1795 478 hostis

241 500 407 551 patrem
451 499 736 551 patruumque
779 498 900 537 tuum
945 495 1074 536 armis
1117 495 1234 560 prius
1279 508 1406 548 quam
1444 492 1649 536 Celtiberi
1689 495 1794 537 socii

242 555 389 597 fraude
422 555 806 607 circumvenerunt3
835 568 914 595 nec
944 553 1025 594 tibi
1057 553 1140 607 ipsi
1173 568 1198 594 a
1228 552 1412 608 Magone
1445 556 1488 594 et
1512 552 1798 609 Hasdrubale,

240 614 429 656 hostium
461 614 656 666 ducibus,
694 587 899 669 quaritum
931 613 985 653 ab
1017 612 1192 654 Indibili
1226 615 1268 653 et
1298 611 1549 664 Mandonio,
1585 613 1630 654 in
1667 613 1793 654 fidem

241 673 445 728 acceptis,
476 672 653 727 periculi
683 672 775 713 fuit.
833 671 1032 713 Numidis
1063 674 1109 712 tu
1142 671 1310 713 credere
1342 673 1482 724 potes,
1515 670 1795 713 defectionem

242 732 430 773 militum
462 734 635 773 tuorum
669 730 896 785 expertus?
959 733 1002 771 et
1033 728 1207 785 Syphax
1247 732 1289 771 et
1321 729 1549 771 Masinissa
1588 743 1632 771 se
1664 744 1794 784 quam

243 790 613 846 Carthaginiensis
638 790 806 831 malunt
830 789 1019 843 potentis
1045 790 1091 830 in
1117 789 1263 830 Africa
1289 803 1392 842 esse,
1425 787 1794 844 Carthaginiensis

242 865 368 905 quam
408 863 664 904 quemquam
703 849 846 889 alium.
912 862 1024 889 nunc
1061 848 1159 889 illos
1197 848 1425 889 aemulatio
1469 848 1584 889 inter
1621 861 1713 889 sese
1751 850 1795 889 et

242 923 389 951 omnes
422 922 574 950 causae
607 907 886 949 certaminum
919 909 1088 959 acuunt,
1120 907 1219 961 quia
1250 907 1397 960 procul
1424 909 1622 948 externus
1655 909 1794 948 metus

242 971 324 1009 est:
352 967 528 1009 ostende
549 966 743 1009 Romana
770 980 889 1007 arma
915 967 958 1006 et
983 965 1214 1006 exercitum
1241 965 1542 1020 alienigenam,
1568 966 1655 1006 iam
1680 966 1797 1007 velut

244 1027 296 1068 ad
323 1040 545 1069 commune
570 1024 924 1080 restinguendum
950 1024 1193 1065 incendium
1214 1027 1476 1066 concurrent.
1515 1025 1640 1065 aliter
1659 1024 1796 1066 eidem

243 1087 307 1127 illi
340 1085 718 1140 Carthaginienses
750 1083 1007 1138 Hispaniam
1039 1083 1332 1135 defenderunt,
1365 1083 1491 1124 aliter
1522 1083 1692 1124 moenia
1723 1097 1795 1137 pa-

240 1145 366 1198 triae,
404 1145 565 1199 templa
603 1143 746 1196 deum,
788 1157 883 1184 alas
923 1145 965 1183 et
1003 1142 1120 1184 focos
1159 1141 1403 1194 defendent,
1441 1156 1535 1183 cum
1573 1142 1712 1183 euntis
1750 1141 1796 1182 in

242 1204 450 1259 proelium
477 1202 632 1257 pavida
651 1205 931 1257 prosequetur
951 1201 1134 1242 coniunx
1155 1202 1197 1241 et
1217 1201 1336 1255 paivi
1356 1200 1479 1242 liberi
1501 1200 1798 1242 occursabunt.

289 1371 306 1379 ι-

294 1382 318 1402 ι.
351 1378 401 1401 an
433 1386 475 1391 —-
507 1352 639 1411 credis]
675 1365 790 1400 durch
824 1366 978 1400 Anwen-

240 1414 339 1458 dung
366 1413 429 1448 des
455 1413 710 1448 elenktischen
736 1425 796 1455 an,
822 1412 980 1447 welches

240 1461 345 1496 einen
372 1462 591 1495 erwarteten
611 1459 778 1494 Einwurf
800 1460 864 1494 des
885 1460 979 1504 Geg-

1053 1381 1097 1393 =
1123 1374 1161 1399 eo
1193 1384 1235 1388 —
1268 1364 1369 1408 qno),
1407 1363 1652 1406 namentlich,
1690 1373 1796 1397 wenn

1053 1411 1111 1446 ein
1131 1411 1375 1456 Komparativ
1401 1410 1513 1455 folgt;
1539 1410 1613 1455 vgl.
1629 1410 1689 1453 21,
1703 1413 1759 1453 31,
1774 1413 1802 1444 2.

1052 1462 1229 1503 quantum
1255 1470 1277 1492 a
1302 1459 1398 1492 mari
1428 1459 1641 1500 recessisset,
1675 1458 1797 1492 minus

237 1520 321 1543 ners
343 1509 397 1543 als
416 1507 683 1551 unverstandig
703 1507 869 1549 abweist,
887 1506 980 1541 wird

239 1556 297 1590 die
336 1555 524 1599 Berufung
561 1554 626 1589 auf
667 1554 726 1590 die
764 1554 875 1589 Hfilfe
917 1554 981 1588 der

238 1603 567 1646 Bundesgenossen
582 1602 636 1637 als
653 1601 899 1646 ungeniigend
919 1601 980 1635 be-

238 1650 415 1685 zeichnet.
467 1649 639 1684 Dieselbe
665 1650 773 1683 Form
807 1649 872 1683 der
896 1648 979 1682 rhe-

239 1697 428 1732 torischen
460 1697 578 1741 Frage
613 1708 662 1731 an
697 1716 740 1721 —-
771 1696 914 1741 putatis
945 1694 980 1738 5,

240 1749 273 1787 6,
295 1749 324 1780 7.
346 1745 382 1787 9,
397 1748 453 1787 34,
468 1748 488 1779 8
515 1755 565 1778 an
589 1744 653 1778 hoc
678 1744 779 1778 dicis.
812 1743 873 1787 31,
889 1746 944 1785 29,
959 1747 980 1776 4

239 1804 289 1826 απ
314 1792 455 1826 imitari
481 1811 524 1816 —
550 1792 731 1826 mavultis.

285 1852 392 1894 fraus
428 1851 533 1894 fidem
565 1870 608 1875 —-
634 1849 900 1895 praestr'ffimt]
905 1848 981 1892 ,·de1

239 1898 380 1941 Betrucr
411 1897 515 1941 gicht-
547 1897 622 1932 sich
659 1896 729 1931 den
756 1896 889 1931 Schein
916 1896 981 1930 der

240 1945 510 1981 Ehrlichkeitst‘
556 1944 629 1979 Das
657 1943 825 1979 einfache
844 1946 981 1978 struere

240 1993 341 2028 steht
364 1992 557 2027 mehrfach
582 2003 655 2026 von
678 1991 980 2035 verschlagenen,

238 2039 480 2075 rankevollen
494 2039 759 2083 Handlungen3
773 2038 846 2082 vgl.
863 2038 896 2080 2,
912 2042 944 2081 3,
960 2042 980 2072 6

240 2088 332 2122 clam
358 2107 400 2111 -—
428 2087 580 2121 consilia
605 2090 750 2121 struere.
790 2085 849 2128 23,
877 2089 934 2128 34,
961 2089 980 2119 5

239 2134 466 2169 mendacium
496 2137 650 2174 struem
677 2137 907 2177 praestruere
931 2132 982 2166 ist

240 2192 305 2216 vor
330 2181 408 2215 Liv.
435 2180 668 2215 dichterisch.

288 2255 322 2286 8.
354 2262 429 2285 non
455 2271 497 2277 —-
525 2251 637 2285 armis
663 2252 772 2295 prius
803 2261 910 2295 quam
936 2271 978 2275 —

240 2299 372 2341 fraude
387 2298 710 2344 circumvenerunt]
727 2297 854 2341 „nicht
864 2297 980 2331 durch

240 2345 319 2380 ihre
357 2345 634 2390 Kriegffihrung
672 2345 813 2380 sowohl
848 2365 890 2369 ——
927 2344 981 2378 als

241 2392 420 2427 vielmehr
455 2393 570 2427 durch
604 2393 744 2437 Arglist
774 2392 896 2426 haben
928 2392 981 2426 sie

241 2441 453 2485 umgarnt“,
491 2440 564 2484 vgl.
602 2440 735 2482 fraude
766 2443 797 2473 et
834 2439 982 2474 insidiis

240 2490 289 2522 est
315 2507 358 2512 —
385 2488 645 2522 circurrzventiis
671 2487 730 2528 21,
757 2490 813 2529 34,
842 2490 877 2528 13
910 2496 981 2520 von

240 2533 508 2569 militarischen
535 2534 848 2579 Umzingelungen
881 2539 982 2567 sonst

240 2583 501 2616 circumventus
532 2582 711 2625 equitatu,
747 2582 791 2615 ab
823 2581 982 2615 hostibus

240 2641 274 2663 u.
300 2639 331 2664 a.
360 2649 402 2653 —-
423 2630 534 2673 prius
559 2645 602 2657 =
624 2629 765 2673 potius;
792 2628 860 2662 wie
887 2627 982 2661 auch

241 2677 349 2710 citius
474 2677 600 2721 potius
649 2676 708 2711 bei
757 2674 835 2709 Liv.
879 2674 983 2709 nicht

241 2723 370 2758 selten.

288 2781 480 2827 quantum]
526 2782 620 2816 ohne
661 2780 981 2825 vorhergehendes

242 2832 394 2870 tantum,
420 2829 488 2862 wie
514 2829 594 2863 Liv.
615 2828 670 2863 oft
694 2828 730 2862 in
757 2827 979 2862 Korrelativ-

244 2877 366 2910 s'atzen
387 2875 466 2909 eins
486 2876 550 2910 der
565 2875 723 2917 Glieder,
745 2874 979 2919 gewohnlich

243 2922 308 2956 das
353 2922 658 2964 demonstrative,
695 2921 858 2957 fortlasst
897 2923 979 2966 (quo

1053 1507 1195 1541 obvium
1220 1506 1306 1548 fore.

1101 1568 1132 1599 9.
1147 1563 1336 1609 Numidis]
1353 1563 1423 1598 mit
1442 1563 1585 1598 starker
1601 1563 1797 1609 Bet-onung

1053 1611 1340 1656 vorangestellt,
1373 1612 1421 1645 da
1453 1610 1510 1645 die
1531 1612 1691 1654 perfidia
1720 1611 1797 1646 Pu-

1052 1659 1137 1694 nica
1163 1657 1457 1703 sprichwortlich
1483 1669 1568 1692 war.

1103 1721 1155 1752 10.
1203 1728 1320 1752 omnes
1363 1727 1493 1751 causae
1536 1716 1796 1762 certaminum]

1054 1765 1150 1810 „alle
1164 1764 1362 1809 moglich
1373 1775 1423 1798 en
1439 1763 1585 1798 Griinde
1601 1764 1666 1798 der
1679 1763 1795 1798 Eifer-

1054 1813 1201 1852 sucht“;
1228 1811 1302 1856 vgl.
1330 1811 1388 1854 21,
1417 1815 1472 1853 57,
1501 1814 1543 1844 14
1573 1812 1687 1846 omnis
1713 1811 1794 1846 libi-

1053 1860 1162 1894 dinis.
1189 1859 1247 1901 22,
1270 1862 1302 1901 4,
1326 1862 1343 1892 1
1365 1859 1463 1893 omni
1489 1858 1598 1893 clade.
1625 1857 1686 1902 25,
1702 1862 1757 1901 17,
1773 1862 1792 1892 5

1053 1907 1151 1942 omni
1187 1917 1306 1941 rerum
1348 1906 1602 1950 verborumque
1651 1906 1795 1949 honore,

1052 1966 1086 1988 u.
1115 1954 1199 1989 sehr
1225 1954 1289 1988 oft.

1101 2012 1254 2058 acuunt]
1295 2023 1436 2056 „regen
1473 2011 1525 2046 sie
1564 2014 1652 2054 an“,
1694 2014 1795 2046 nam-

1056 2060 1131 2095 lich
1170 2072 1213 2094 zu
1251 2059 1525 2104 gegenseitiger
1558 2058 1794 2103 Befehdung;

1054 2107 1231 2142 meistens
1282 2123 1326 2134 =
1372 2106 1524 2151 jemand
1574 2105 1796 2150 ermutigen,

1054 2155 1216 2197 stahlen3
1248 2154 1321 2198 vgl.
1349 2165 1378 2188 c.
1409 2157 1462 2195 19,
1490 2157 1533 2187 14
1559 2153 1723 2195 libertas,
1749 2173 1793 2178 —-

1053 2213 1144 2247 quae
1156 2203 1316 2237 virorum
1329 2201 1480 2243 fortium
1493 2203 1637 2234 tantum
1647 2203 1795 2244 pectora

1054 2250 1163 2284 acuit.

1101 2299 1268 2330 externus
1291 2295 1419 2340 metus]
1441 2294 1603 2337 „Furcht
1621 2305 1688 2328 vor
1709 2293 1792 2329 dem

1053 2343 1276 2385 Auslande“,
1321 2342 1354 2375 d.
1388 2342 1424 2375 h.
1450 2341 1796 2386 Veranlassung

1055 2390 1166 2433 dazu;
1191 2390 1266 2434 vgl.
1287 2400 1316 2423 c.
1344 2393 1401 2433 31,
1427 2393 1447 2422 3
1474 2389 1630 2433 ancipiti
1653 2391 1758 2423 metu.

1101 2438 1149 2472 ad
1176 2457 1218 2462 —-
1245 2437 1539 2481 restinyuendum
1570 2434 1794 2480 incendium]

1053 2484 1221 2519 dasselbe
1248 2483 1412 2518 Verbum
1438 2494 1467 2518 c.
1492 2487 1547 2526 23,
1568 2487 1588 2517 2
1614 2484 1795 2527 flammam

1054 2533 1221 2567 orientem
1235 2532 1510 2575 restinyuerent;
1531 2531 1570 2565 in
1583 2531 1796 2574 fibertrage-

1054 2590 1137 2614 nem
1165 2579 1274 2613 Sinne
1302 2578 1361 2621 10,
1389 2582 1446 2622 13,
1470 2581 1501 2612 8.

1104 2642 1156 2672 11.
1197 2637 1453 2682 occursabant]
1491 2636 1602 2670 ihnen
1641 2634 1679 2669 in
1723 2635 1793 2669 den

1060 2684 1150 2729 Weg
1175 2686 1306 2727 treten,
1334 2683 1385 2718 sie
1406 2694 1465 2717 am
1486 2682 1693 2727 Fortgehen
1712 2682 1792 2716 hin-

1055 2732 1145 2767 dern
1176 2732 1339 2772 werden;
1373 2729 1605 2775 gewohnlich
1639 2741 1702 2763 zur
1728 2729 1794 2763 Be·

1053 2779 1258 2823 zeichnung
1306 2777 1564 2812 wiederholter
1607 2775 1793 2821 Angriffe3

1054 2827 1127 2870 vgl.
1155 2826 1220 2869 21,
1248 2829 1308 2868 34,
1336 2829 1356 2859 9
1382 2827 1608 2859 occursantes
1634 2844 1676 2848 —
1697 2834 1795 2858 mon-

1052 2875 1142 2908 tani.
1170 2873 1236 2915 2⁴3,
1264 2876 1319 2915 15,
1347 2875 1366 2906 7
1392 2871 1575 2905 Numidae
1601 2890 1643 2896 —
1671 2881 1794 2906 occur-

1051 2925 1179 2955 santes.
