1953 3278
115 172 140 190 a.
161 165 210 190 Ch.
232 165 290 190 206.

606 151 747 186 LIBER
773 150 936 186 XXVIII.
982 149 1082 184 CAP.
1110 153 1164 184 33.
1603 146 1658 187 73

115 264 323 317 poterant,
355 259 522 316 gladios
555 259 735 313 nudant,
767 262 809 300 et
841 258 1009 301 conlato
1042 257 1147 311 pede
1179 271 1246 298 res
1279 257 1428 310 coepta
1460 255 1551 309 geri
1584 257 1659 307 est,

116 334 351 375 ancepsque
390 318 584 373 pedestre
624 321 838 359 certamen
877 320 984 368 erat,
1022 317 1066 357 ni
1105 316 1267 370 equites
1306 313 1660 369 supervenissent.

114 394 248 434 neque
280 393 331 420 ex
363 377 539 419 adverso
571 380 741 418 tantum
773 376 894 417 inlati
928 375 1077 416 obvios
1111 374 1340 426 obtrivere,
1379 372 1451 414 sed
1484 372 1660 414 circum-
1686 381 1707 411 6

114 438 222 480 vecti
255 438 385 478 etiam
417 436 590 491 quidam
622 449 697 490 per
728 434 875 476 infima
906 433 1003 475 clivi
1035 433 1088 474 ab
1121 436 1241 486 tergo
1275 446 1331 485 se,
1363 435 1412 472 ut
1437 431 1660 486 plerosque

114 495 458 549 intercluderent,
484 495 739 546 obiecerunt,
765 493 984 546 maiorque
1010 490 1159 532 caedes
1186 491 1277 544 fuit,
1303 505 1429 545 quam
1460 493 1661 544 quantam

114 555 235 596 edere
268 555 378 596 levia
408 568 483 608 per
514 552 783 594 excursiones
816 551 978 604 proelia
1010 550 1158 591 solent.

115 613 292 655 adverso
330 613 494 667 proelio
533 610 729 652 barbaris
769 614 850 662 est,
889 623 1017 664 quam
1054 608 1271 649 imminuti
1310 608 1453 648 animi.

1219 549 1284 589 ira
1316 549 1452 603 magis
1486 563 1662 590 accensa
1688 557 1707 587 7

1520 608 1663 661 itaque

114 686 167 714 ne
200 672 381 726 perculsi
414 671 675 721 viderentur,
717 668 856 722 prima
893 668 984 709 luce
1023 670 1195 721 postero
1228 665 1293 707 die
1326 667 1367 707 in
1402 666 1535 707 aciem
1567 680 1663 719 pro-

116 745 290 773 cessere.
347 744 433 772 non
460 728 656 782 capiebat
682 727 818 768 omnis
846 727 990 780 copias
1017 728 1213 780 angusta,
1246 725 1355 766 sicut
1381 727 1478 766 ante
1505 724 1664 765 dictum
1689 733 1710 764 8

116 793 199 844 est,
237 789 378 831 vallis:
419 788 524 829 duae
556 786 687 827 ferme
726 785 912 840 peditum
947 787 1092 839 partes
1125 787 1167 825 et
1204 784 1341 825 omnis
1374 783 1588 837 equitatus
1620 783 1664 824 in

117 849 250 890 aciem
289 846 524 899 descendit3
563 845 674 899 quod
712 844 886 886 relicum
924 843 1115 898 peditum
1153 846 1262 896 erat,
1301 842 1471 896 obliquo
1511 842 1664 883 consti-

116 910 290 948 tuerunt
316 906 430 947 colle.
488 902 642 958 Scipio,
674 918 750 958 pro
777 917 821 944 se
849 917 939 944 esse
965 903 1048 944 loci
1074 902 1297 956 angustias
1323 904 1455 953 ratus,
1486 904 1529 941 et
1555 900 1665 955 quod
1691 909 1712 940 9

113 966 157 1006 in
203 967 295 1006 arto
340 977 485 1018 pugna
523 962 716 1004 Romano
761 962 902 1017 aptior
945 976 1070 1016 quam
1114 960 1308 1014 Hispano
1353 960 1478 1001 militi
1521 959 1666 1000 futura

112 1023 347 1076 videbatur,
381 1026 422 1063 et
453 1020 566 1076 quod
597 1022 640 1062 in
675 1036 768 1062 eum
801 1021 941 1062 locum
967 1020 1160 1061 detracta
1184 1019 1374 1060 hostium
1402 1019 1514 1060 acies
1541 1021 1664 1072 esset,

113 1082 184 1136 qui
216 1096 304 1123 non
337 1095 504 1123 omnem
537 1080 854 1122 multitudinem
886 1094 1033 1121 eorum
1059 1082 1241 1132 caperet,
1271 1092 1383 1119 novo
1412 1078 1541 1119 etiam
1569 1091 1664 1118 con-

115 1141 209 1182 silio
232 1140 384 1182 adiecit
404 1140 611 1181 animum:
639 1139 824 1193 equitem
851 1152 928 1180 nec
955 1153 1000 1180 se
1026 1152 1150 1192 posse
1177 1137 1438 1179 circumdare
1465 1135 1663 1177 cornibus
1694 1145 1737 1175 10

113 1201 159 1241 in
189 1202 279 1241 tam
311 1202 493 1254 angusto
527 1198 682 1252 spatio,
715 1201 757 1239 et
787 1197 921 1250 hosti,
953 1211 1077 1252 quem
1110 1211 1205 1238 cum
1237 1196 1377 1250 pedite
1411 1195 1667 1248 deduxisset,

113 1258 311 1300 inutilem
342 1258 444 1300 fore.

504 1258 646 1311 itaque
678 1257 862 1311 imperat
892 1256 1056 1308 Laelio,
1093 1258 1141 1296 ut
1172 1269 1247 1309 per
1280 1255 1402 1296 collis
1436 1268 1562 1308 quam
1596 1267 1662 1295 oc·
1693 1262 1733 1292 11

115 1317 353 1359 cultissimo
391 1316 541 1358 itinere
587 1316 873 1359 circumducat
913 1315 1075 1369 equites
1115 1317 1413 1369 segregetque,
1457 1316 1665 1367 quantum

115 1376 266 1430 possit,
298 1378 538 1430 equestrem
571 1375 624 1416 ab
656 1374 842 1429 pedestri
873 1387 1082 1428 pugnam,
1114 1373 1205 1427 ipse
1233 1373 1375 1414 omnia
1401 1372 1526 1426 signa
1551 1371 1665 1425 pedi·
1695 1380 1738 1410 12

114 1438 207 1476 tum
237 1435 282 1475 in
313 1434 451 1475 hostis
484 1434 630 1486 vertit3
664 1435 865 1489 quattuor
897 1433 1086 1474 cohortis
1117 1433 1162 1472 in
1193 1431 1332 1472 fronte
1366 1431 1536 1484 statuit,
1569 1430 1668 1485 quia

114 1494 242 1535 latius
279 1493 465 1548 pandere
505 1493 636 1534 aciem
674 1506 761 1534 non
798 1494 980 1546 poterat.

113 1552 234 1606 fecit,
271 1555 318 1593 ut
355 1552 449 1605 ipso
487 1551 717 1592 certamine
757 1553 966 1592 averteret
1004 1551 1058 1592 ab
1091 1552 1321 1604 conspectu
1352 1548 1667 1590 transeuntium

115 1648 147 1679 et
166 1644 288 1679 odium
307 1644 513 1679 imitar-ent.
541 1642 575 1686 6,
594 1647 646 1686 16,
664 1647 682 1677 7
703 1643 856 1678 remedio

116 1692 294 1726 inritatur
317 1692 454 1726 seditio.

151 1748 348 1782 ancepsque
359 1759 395 1763 —
407 1740 496 1779 erat,
504 1739 546 1772 ni
554 1737 854 1783 supervenissent]

115 1786 168 1820 im
187 1785 413 1830 Hauptsatze
439 1784 538 1819 eines
563 1785 722 1819 irrealen
741 1784 856 1829 hypo-

114 1832 326 1867 thetischen
341 1831 581 1876 Satzgeffiges
600 1831 700 1866 steht
719 1831 774 1866 oft
793 1831 857 1866 der

115 1878 229 1914 Indic.
256 1878 403 1923 Imperf.
435 1878 496 1913 bei
527 1878 623 1921 Liv.,
658 1890 765 1913 wenn
797 1878 857 1913 ein

119 1925 286 1971 Ereignis
335 1926 389 1961 als
438 1924 680 1960 unmittelbar
727 1926 856 1960 bevor-

119 1973 275 2008 stehend
318 1972 535 2008 bezeichnet
577 1973 723 2007 werden
767 1973 856 2014 soll;

119 2020 234 2055 daher
274 2020 503 2054 namentlich
541 2019 611 2054 mit
654 2020 718 2055 der
756 2019 857 2064 Conj.

117 2067 401 2112 periphrastica3
441 2066 516 2111 vgl.
543 2066 608 2108 23,
635 2070 697 2109 40,
724 2070 744 2101 8
774 2077 857 2110 per-

117 2117 288 2148 venturus
318 2118 413 2157 erat,
446 2134 489 2138 —
514 2114 557 2148 ‘m'
590 2115 858 2158 supervenisset.

118 2161 192 2196 Der
205 2160 522 2206 Bedingungssatz
538 2160 628 2195 wird
649 2160 749 2196 dann
769 2163 859 2196 stets

119 2207 189 2242 mit
211 2208 260 2242 ni
286 2207 506 2253 eingefi‘ihrt.

168 2259 198 2289 6.
226 2255 411 2300 obtrivere]
440 2254 603 2289 namlich
629 2254 688 2290 die
707 2255 857 2297 Pferde3

120 2301 228 2336 dafi’ir
252 2300 312 2345 27,
340 2305 395 2344 14,
423 2306 441 2337 7
469 2303 661 2337 occulcare.

166 2348 257 2383 levia
306 2360 376 2393 per
423 2350 648 2384 eaeeursiones
696 2349 856 2395 proelia]

121 2395 291 2438 „leichte,
311 2395 535 2440 plankelnde
557 2395 775 2439 Gefechte“;
790 2407 859 2441 per

123 2442 351 2477 eoecursiones
382 2441 575 2477 attributiv
608 2443 758 2488 gestellt
789 2445 857 2478 wie

121 2489 192 2530 21,
226 2492 293 2531 21,
328 2493 371 2523 10
413 2490 573 2524 terrestri
609 2501 676 2534 per
719 2491 858 2535 Hispa—

123 2537 224 2571 niam
269 2535 478 2580 Galliasque
521 2537 658 2572 itinere.
703 2558 745 2562 —
790 2538 861 2572 Zur

119 2583 362 2627 Metonyrnie:
382 2583 523 2627 proelia
541 2603 584 2607 —
605 2584 703 2618 edere
721 2604 764 2609 —
784 2595 860 2620 cae-

121 2631 198 2665 dem
223 2630 299 2674 vgl.
325 2629 385 2673 25,
412 2634 468 2673 38,
495 2634 514 2664 9
540 2640 604 2665 nec
628 2631 705 2665 alia
728 2633 861 2675 speeies

121 2696 166 2701 —
191 2678 287 2712 illud
311 2678 424 2712 edidit
442 2678 632 2721 proelium.

170 2728 200 2760 8.
228 2725 370 2769 obliquo
391 2745 434 2749 —-
454 2724 555 2769 colle]
577 2724 667 2766 „auf
682 2724 767 2759 dem
788 2724 858 2759 Ab·

121 2771 256 2816 hang“,
287 2771 362 2817 vgl.
389 2771 448 2815 27,
478 2775 537 2813 18,
567 2774 608 2805 10
629 2782 696 2815 per
730 2772 862 2806 tumuli

123 2819 279 2863 obliqua.

170 2869 201 2901 9.
222 2876 293 2909 pro
318 2876 353 2900 se
377 2865 462 2911 esse]
486 2876 557 2910 pro
583 2882 627 2894 =
654 2876 697 2898 zu
719 2864 861 2909 jeman-

123 2911 186 2946 des
213 2912 392 2956 Gunsten,
418 2912 613 2947 verbindet
639 2912 716 2947 sich
744 2911 862 2946 selten

928 1642 997 1677 mit
1040 1642 1122 1676 dem
1166 1641 1330 1676 Verbum
1374 1640 1666 1682 substantivum,

928 1689 1002 1734 vgl.
1029 1689 1070 1731 9,
1097 1693 1160 1731 24,
1187 1692 1207 1723 8
1233 1692 1265 1723 et
1290 1689 1388 1724 locus
1412 1699 1484 1732 pro
1507 1688 1612 1722 nobis
1637 1690 1668 1721 et

927 1748 1002 1771 nox
1027 1737 1104 1771 erit.
1156 1736 1216 1780 39,
1244 1740 1299 1779 30,
1327 1740 1358 1771 3.

975 1796 1136 1830 detracta
1157 1815 1200 1820 --
1221 1795 1322 1840 esset]
1343 1793 1671 1838 ‚,herabgelockt“,

927 1843 1118 1877 mehrfach
1162 1854 1225 1876 zur
1269 1841 1526 1886 Bezeichnung
1568 1841 1669 1875 einer

928 1889 1144 1935 Kriegslist,
1182 1889 1278 1924 doch
1310 1889 1477 1933 h'aufiger
1501 1898 1574 1923 von
1607 1897 1669 1932 ge-

928 1937 1161 1971 waltsamem
1173 1936 1396 1979 Verfahren,
1421 1935 1495 1980 vgl.
1523 1946 1551 1969 c.
1573 1938 1629 1976 41,
1650 1938 1671 1969 5

930 1985 975 2018 ab
995 1984 1182 2027 Drepanis
1201 1987 1305 2027 atque
1321 1983 1443 2028 Eryce
1461 1983 1669 2017 detraxisse.

930 2031 990 2073 29,
1011 2034 1067 2073 20,
1088 2034 1107 2064 2
1131 2030 1378 2065 Hannibalem
1404 2041 1447 2065 ex
1472 2029 1588 2064 Italia
1613 2029 1671 2063 de·

930 2081 1141 2112 tracturum.
1193 2077 1259 2120 30,
1287 2081 1348 2119 36,
1377 2081 1395 2111 7
1421 2088 1465 2112 ex
1489 2077 1674 2121 superiore

931 2125 1006 2160 loco
1030 2125 1199 2160 detraxit.

979 2186 1010 2218 et
1029 2184 1123 2228 quod
1141 2184 1332 2218 videbatur
1351 2203 1394 2207 —
1416 2186 1448 2217 et
1461 2182 1555 2227 quod
1568 2181 1670 2227 esset]

929 2230 981 2265 im
1007 2233 1128 2266 ersten
1155 2230 1283 2266 Gliede
1309 2230 1399 2264 wird
1431 2230 1491 2264 die
1523 2228 1671 2274 subjek-

929 2277 1008 2312 tive
1039 2277 1195 2312 Ansicht
1225 2279 1289 2312 des
1320 2277 1522 2311 Feldherrn
1556 2276 1672 2310 durch

929 2325 1139 2367 videbatur,
1177 2324 1229 2358 im
1261 2324 1417 2358 zweiten
1454 2323 1570 2358 durch
1601 2322 1672 2357 den

933 2371 1164 2417 Konjunktiv
1189 2372 1423 2416 angedeute‘t.

978 2431 1126 2466 consilio
1152 2431 1284 2466 adiecit
1309 2429 1485 2476 animum]
1514 2429 1588 2473 vgl.
1611 2429 1673 2472 22,

931 2481 986 2520 22,
1008 2481 1028 2512 8
1049 2478 1233 2512 obsidibus
1246 2477 1492 2512 —tradendis
1511 2477 1674 2511 animum

933 2526 1074 2560 adiecit.
1113 2525 1146 2566 1,
1168 2528 1223 2567 20,
1246 2530 1263 2559 1
1285 2524 1530 2559 sacerdotibus
1549 2534 1672 2559 crean-

933 2573 990 2606 dis
1024 2572 1185 2606 animum
1216 2572 1369 2613 adiecit;
1407 2571 1573 2615 dagegen
1613 2571 1673 2613 25,

933 2622 988 2661 37,
1028 2623 1070 2653 17
1115 2620 1164 2653 ad
1200 2619 1389 2654 consilium
1428 2638 1470 2642 —
1510 2618 1674 2652 animum

931 2666 1073 2700 adiecit.

984 2728 1036 2758 12.
1058 2725 1221 2768 pandere
1246 2724 1373 2769 aciem]
1409 2723 1484 2768 vgl.
1512 2735 1540 2757 c.
1569 2727 1625 2766 30,
1652 2727 1672 2757 3

927 2771 1112 2814 panditur
1144 2782 1250 2805 mare.
1308 2771 1372 2805 Bei
1405 2770 1469 2805 der
1499 2769 1673 2814 gewohn-

934 2817 1056 2852 lichen
1077 2817 1314 2862 Aufstellung
1334 2817 1457 2852 bilden
1479 2817 1674 2852 s'amtliche

934 2867 980 2898 24
1010 2864 1175 2909 Manipel
1211 2864 1276 2900 der
1311 2865 1448 2900 hastati
1487 2864 1546 2899 die
1577 2865 1674 2899 erste

935 2910 1223 2946 Schlachtreihe.

1041 1505 1206 1532 moram
1245 1489 1466 1545 pugnandi
1503 1489 1666 1530 nullam
1694 1498 1736 1528 13
