1953 3278
143 163 320 188 a.Ch.:21)·;.
642 150 785 186 LIBER
811 150 976 187 xxvm.
1021 151 1123 187 CAP.
1150 156 1205 187 20.
1641 155 1700 196 45

146 259 305 302 auxilia
330 258 527 300 Romana
554 262 689 313 erant,
721 261 763 300 et
794 259 1018 313 oppidanis
1051 260 1094 300 in
1126 274 1176 302 ea
1207 261 1377 314 tuenda,
1402 261 1513 302 unde
1539 263 1700 315 pericu-

144 319 235 360 lum
266 317 502 370 videbatur,
534 317 684 370 versis,
717 320 760 359 et
790 317 997 359 Romanis
1030 319 1332 373 subeuntibus,
1364 335 1449 374 qua
1480 320 1596 362 adire
1628 335 1698 374 po-

142 379 304 429 terant,
353 379 665 429 conspexerunt
714 375 993 417 editissimam
1044 377 1159 418 urbis
1209 382 1394 431 partem,
1443 379 1545 433 quia
1597 393 1700 433 rupe
1728 390 1747 420 2

143 434 337 489 praealta
368 434 606 489 tegebatur,
638 448 773 488 neque
807 448 933 488 opere
961 435 1046 476 ullo
1080 436 1291 477 munitam
1318 440 1360 478 et
1392 437 1445 478 ab
1472 437 1701 479 defensori-

142 493 223 534 bus
255 507 444 534 vacuam.
506 493 663 534 levium
694 506 920 549 corporum
946 492 1140 534 homines
1167 497 1209 534 et
1235 495 1370 536 multa
1397 496 1700 538 exercitatione
1727 507 1747 537 3

141 551 380 606 pernicium
413 552 556 594 clavos
587 565 730 592 secum
754 550 916 592 ferreos
943 552 1171 604 portantis,
1203 566 1287 605 qua
1311 567 1386 606 per
1417 554 1702 608 inaequaliter

141 610 374 652 eminentia
411 611 529 664 rupis
566 612 783 664 poterant,
821 608 1042 650 scandunt.
1106 610 1242 651 sicubi
1280 611 1407 652 nimis
1447 612 1626 654 arduum
1658 617 1701 654 et
1728 624 1749 654 4

143 669 235 710 leve
274 683 424 710 saxum
464 667 729 720 occurrebat,
768 666 911 708 clavos
949 681 1024 721 per
1064 668 1231 709 modica
1263 669 1490 711 intervalla
1521 670 1701 725 figentes

144 741 241 769 cum
294 728 412 769 velut
462 726 619 781 gradus
668 725 890 779 fecissent,
936 726 1063 779 primi
1112 726 1379 781 insequentis
1431 729 1702 772 extrahentes
1729 742 1749 771 5

144 800 289 839 manu,
320 785 526 840 postremi
553 784 823 825 sublevantes
849 798 935 838 eos,
968 785 1041 839 qui
1066 799 1168 838 prae
1195 800 1239 826 se
1267 787 1391 840 irent,
1417 787 1463 828 in
1489 802 1701 829 summum

142 845 346 897 evadunt3
383 843 481 884 inde
525 842 752 884 decurrunt
790 857 885 884 cum
924 842 1109 885 clamore
1147 845 1192 884 in
1230 845 1379 886 urbem
1411 846 1498 886 iam
1531 850 1701 901 captam

143 903 197 944 ab
229 902 446 944 Romanis.
507 903 600 942 tum
632 915 731 943 vero
765 901 966 955 apparuit
999 902 1051 943 ab
1084 903 1148 943 ira
1175 905 1216 943 et
1242 904 1294 945 ab
1325 904 1423 946 odio
1451 904 1600 946 urbem
1628 919 1701 959 op·
1728 918 1748 948 6

140 962 380 1015 pugnatam
424 974 527 1001 esse.
601 974 726 1002 nemo
771 960 963 1014 capiendi
1006 960 1144 1015 vivos,
1188 976 1314 1004 nemo
1356 963 1604 1017 patentibus
1650 964 1702 1004 ad

143 1019 427 1073 direptionem
466 1019 667 1060 omnibus
706 1019 888 1073 praedae
933 1032 1097 1061 memor
1141 1022 1222 1075 est,
1267 1021 1484 1063 trucidant
1526 1022 1703 1064 inermis

141 1078 263 1119 iuxta
296 1080 422 1132 atque
455 1081 656 1131 armatos,
688 1077 870 1119 feminas
897 1078 1059 1132 pariter
1086 1093 1134 1120 ac
1161 1079 1294 1133 vir0s3
1328 1094 1461 1134 usque
1488 1080 1541 1121 ad
1567 1081 1705 1122 infan-

142 1137 252 1178 tium
290 1136 464 1178 caedem
502 1136 567 1178 ira
604 1136 784 1178 crudelis
823 1137 1031 1191 pervenit.
1093 1138 1238 1193 ignem
1279 1138 1429 1180 deinde
1473 1139 1599 1181 tectis
1641 1143 1703 1181 in·
1732 1152 1750 1182 τ

142 1195 290 1249 iciunt,
318 1209 366 1236 ac
386 1195 572 1249 diruunt,
592 1209 699 1250 quae
725 1195 921 1237 incendio
943 1196 1110 1237 absumi
1129 1200 1361 1251 nequeunt;
1396 1198 1498 1239 adeo
1520 1198 1705 1253 vestigia

142 1268 309 1308 quoque
347 1254 464 1296 urbis
505 1255 752 1310 extinguere
791 1268 840 1296 ac
878 1254 1018 1296 delere
1063 1256 1312 1297 memoriam
1357 1256 1548 1298 hostium
1593 1257 1704 1299 sedis

143 1312 261 1354 cordi
293 1315 369 1354 est.

194 1462 228 1488 c.
256 1452 323 1495 20,
358 1456 387 1485 1.
423 1452 519 1485 unde
554 1453 755 1496 perieulum
790 1452 883 1487 vide-

142 1498 269 1544 batur]
291 1509 372 1541 „wo
386 1498 467 1533 eine
484 1497 621 1533 Gefahr
634 1499 710 1534 sich
725 1499 886 1543 zeigte“;

141 1557 186 1579 zu
217 1546 313 1580 unde
337 1545 411 1590 vgl.
440 1556 468 1580 c.
501 1549 565 1587 16,
593 1549 611 1580 7
638 1547 723 1580 inde
749 1567 791 1571 —
817 1557 888 1581 sese

141 1593 254 1628 tutati
278 1595 374 1626 sunt.

189 1638 368 1674 Romanis
379 1659 423 1664 —-
435 1639 686 1685 subeuntibus]
709 1651 782 1684 erg.
801 1651 888 1675 moe-

141 1687 209 1721 nia
234 1686 303 1721 wie
324 1697 352 1721 c.
376 1689 430 1729 19,
453 1690 516 1729 173
542 1686 690 1721 absolut
714 1689 784 1721 wie
809 1687 888 1722 hier

145 1743 175 1768 c.
193 1737 247 1776 16,
264 1737 282 1767 ’1
303 1744 382 1768 cum
401 1733 512 1768 hostis
531 1734 749 1778 nequiquam
767 1734 889 1769 subire

144 1799 190 1806 —
216 1784 366 1815 conatus
392 1783 478 1814 esset
504 1797 548 1809 =
574 1783 750 1816 sturmen.

193 1842 225 1873 2.
263 1849 366 1882 opere
408 1839 503 1882 ullo]
547 1838 747 1874 kollektiv:
793 1840 888 1883 „Be-

145 1884 386 1929 festigungen
411 1885 540 1929 irgend
562 1886 663 1920 einer
681 1886 788 1929 Art&
813 1887 886 1931 vgl.

143 1931 206 1975 21,
235 1936 290 1975 57,
317 1936 337 1966 6
363 1942 465 1976 opere
489 1943 620 1977 magno
645 1934 833 1967 munitum.

195 1994 227 2025 3.
255 1991 385 2024 levium
410 2001 598 2035 corporum
623 1992 794 2037 homines]
824 1992 889 2026 der

142 2036 294 2072 Genitiv
326 2038 518 2082 qualitatis
541 2049 615 2073 von
649 2038 768 2073 einem
800 2039 889 2074 kon-

147 2084 278 2119 kreten
299 2083 579 2119 Substantivum
599 2084 690 2120 wird
711 2088 814 2120 sonst
837 2086 889 2120 im

143 2130 228 2166 Lat.
254 2131 371 2165 seiten
403 2131 590 2176 gefunden
614 2132 690 2166 und
721 2134 887 2168 nament-

144 2177 222 2213 lich
265 2178 318 2212 im
361 2178 489 2213 Plural
531 2190 622 2223 gem
663 2180 887 2214 vermieden.

140 2225 249 2259 Auch
286 2225 339 2259 im
376 2225 549 2269 Singular
587 2227 688 2261 steht
725 2238 787 2261 zur
816 2226 884 2261 Be-

146 2270 354 2316 zeichnung
373 2272 628 2317 k6rperlicher
647 2272 885 2318 Eigenschaf-

143 2319 209 2353 ten
233 2318 350 2353 lieber
374 2319 439 2354 der
463 2319 625 2355 Ablativ.

186 2387 254 2420 per
279 2377 520 2421 inaequaliter
544 2380 739 2415 eminentia
763 2380 883 2425 rupis]

143 2434 207 2457 zur
233 2422 583 2469 Substantivierung
616 2427 679 2461 des
704 2426 886 2461 Neutrum

142 2468 242 2505 Plur.
275 2470 340 2504 der
373 2470 511 2505 dritten
542 2471 784 2508 Deklination
811 2474 885 2519 vgl.

143 2515 207 2559 38,
227 2520 283 2559 20,
304 2521 325 2552 8
351 2518 702 2562 inexsuperabilibus
726 2522 798 2555 vim
823 2522 887 2556 ad-

141 2564 246 2607 ferre.
267 2564 327 2607 34,
337 2567 392 2607 54,
406 2568 426 2599 8
439 2567 615 2601 veteribus
628 2568 722 2601 stari
734 2568 883 2602 malunt.

142 2610 205 2653 38,
224 2614 279 2654 49,
298 2616 315 2646 7
337 2612 434 2646 culta
455 2623 498 2646 esc
516 2613 738 2648 silvestribus
759 2614 885 2657 faeere.

143 2678 186 2683 ——
215 2658 325 2693 Trotz
358 2658 423 2693 der
450 2658 800 2705 Substantivierung
824 2662 886 2696 be-

142 2704 227 2739 halt
257 2704 316 2740 die
345 2706 626 2750 ussprfingliche
651 2706 885 2742 Verbalform

143 2751 339 2833 {minentia
372 2752 431 2787 ihr
463 2753 609 2788 Adverb
645 2754 886 2799 inaequaliter

173 2798 208 2833 ei
233 2798 321 2833 sich.

190 2860 223 2893 4.
243 2858 361 2893 sicubi
372 2879 412 2883 —
426 2869 558 2893 saxum
577 2860 799 2905 occur-rebat]
822 2871 886 2903 „so

143 2902 201 2939 oft
210 2904 247 2939 si
257 2914 276 2939 e
287 2904 649 2942 aufeinen—Felsen
661 2906 718 2941 sti
727 2906 790 2942 ess
799 2917 818 2942 e
827 2910 885 2951 n‘·;

958 1453 1033 1497 vgl.
1054 1452 1113 1496 36,
1136 1457 1191 1495 25,
1213 1458 1233 1487 5
1255 1454 1346 1488 silex
1371 1464 1475 1498 saepe
1500 1455 1704 1499 inpenetra-

960 1500 1045 1534 bilis
1069 1501 1166 1542 ferro
1191 1502 1462 1535 occurrebat.

1009 1551 1039 1581 5.
1085 1548 1325 1593 eaetrahentes]
1377 1548 1438 1591 „in
1488 1547 1547 1582 die
1597 1549 1702 1583 Hohe

961 1594 1155 1636 ziehend“;
1195 1595 1268 1638 vgl.
1306 1607 1334 1629 c.
1363 1599 1402 1636 3,
1430 1599 1449 1630 7
1488 1596 1527 1629 in
1562 1607 1704 1630 murum

961 1642 1251 1685 extraherentur3
1290 1641 1355 1685 22,
1383 1646 1444 1685 20,
1472 1646 1491 1676 2
1518 1643 1557 1677 in
1591 1643 1702 1677 altum

961 1692 1158 1724 eoetraxere.

1010 1739 1040 1769 6.
1074 1736 1286 1779 patentibus
1330 1756 1374 1760 —
1419 1736 1600 1782 omnibus]
1641 1737 1705 1771 der

961 1781 1045 1817 Abi.
1073 1782 1148 1817 abs.
1175 1782 1244 1817 mit
1272 1781 1384 1817 Hfflfe
1411 1783 1476 1817 der
1501 1783 1703 1818 substanti—

960 1827 1104 1863 vierten
1122 1828 1264 1864 Neutra
1283 1830 1333 1864 ist
1353 1829 1437 1864 sehr
1462 1830 1603 1874 haufig3
1628 1831 1702 1875 vgl.

960 1874 1021 1918 42,
1042 1879 1098 1917 48,
1121 1880 1138 1910 1
1165 1877 1221 1910 his
1242 1878 1485 1921 praeparatis.
1523 1877 1582 1921 36,
1605 1881 1636 1920 3,
1661 1881 1703 1912 13

961 1923 1126 1957 omnibus
1156 1924 1231 1957 iam
1258 1925 1348 1957 satis
1373 1926 1607 1967 comparatis,
1638 1936 1703 1959 na-

960 1970 1140 2004 mentlich
1176 1970 1246 2004 mit
1279 1970 1378 2004 Part.
1406 1969 1578 2013 Perfect.;
1620 1982 1699 2006 ver-

961 2016 1107 2051 mieden
1132 2015 1169 2059 3,
1187 2020 1243 2059 46,
1265 2021 1284 2051 9
1311 2018 1452 2051 omissis
1476 2018 1581 2052 rebus
1606 2019 1702 2053 aliis.

1008 2064 1160 2098 inermes
1208 2065 1315 2099 iuaeta
1366 2068 1471 2109 atque
1520 2065 1701 2110 armatos]

961 2111 1067 2145 iuxta
1098 2110 1189 2145 wird
1220 2121 1293 2145 von
1319 2110 1397 2145 Liv.
1425 2123 1604 2156 synonym
1636 2112 1704 2147 mit

958 2158 1100 2201 pariter
1127 2158 1369 2202 angewendet
1393 2159 1470 2192 und
1488 2159 1557 2193 wie
1583 2159 1702 2194 dieses

962 2204 1057 2238 auch
1083 2204 1248 2249 (einmal)
1274 2205 1344 2239 mit
1374 2205 1457 2240 dem
1487 2205 1599 2240 Dativ
1623 2217 1703 2241 ver-

958 2251 1106 2286 bunden
1134 2250 1199 2295 24,
1229 2256 1289 2294 19,
1317 2256 1336 2286 6
1368 2263 1441 2286 rem
1472 2264 1628 2297 parvam
1660 2264 1703 2288 ac

957 2299 1064 2333 inacta
1095 2299 1238 2343 maynis
1269 2299 1474 2343 difficilem,
1509 2303 1610 2334 sonst
1634 2301 1703 2335 mit

958 2349 1081 2390 atque,
1115 2346 1189 2390 vgl.
1217 2346 1283 2389 25,
1319 2350 1378 2388 12,
1407 2351 1426 2381 7
1458 2347 1566 2382 iuxta
1597 2351 1703 2392 atque

957 2393 1075 2437 ipsam
1101 2393 1246 2428 cladem.

1005 2440 1064 2474 ira
1085 2441 1242 2475 erudelis
1257 2440 1436 2486 pervenit]
1457 2452 1519 2475 zur
1533 2439 1702 2476 Pei-soni—

959 2486 1115 2521 fikation
1133 2487 1208 2531 vgl.
1225 2498 1253 2520 c.
1272 2491 1326 2530 15,
1341 2491 1363 2521 4
1376 2489 1543 2531 pervenit
1558 2499 1701 2532 puyna.

959 2532 1019 2576 21,
1037 2537 1090 2576 15,
1109 2538 1126 2568 1
1147 2535 1211 2568 vix
1228 2535 1342 2568 ullum
1364 2535 1557 2570 discrimen
1573 2536 1703 2570 aetatis

959 2581 1017 2615 ira
1051 2581 1193 2623 fecerat.
1244 2581 1310 2625 26,
1337 2585 1398 2624 33,
1426 2585 1445 2615 3
1472 2583 1618 2616 victoris
1642 2583 1702 2616 ira

959 2628 1091 2671 capitis
1116 2629 1354 2663 damnaverit.

1009 2678 1038 2709 7.
1066 2675 1179 2709 delere
1198 2676 1404 2710 memoriam
1429 2676 1583 2709 hostium
1608 2675 1703 2710 sedis

959 2721 1061 2756 cordi
1092 2721 1157 2766 est]
1196 2723 1287 2756 fiber
1321 2723 1423 2756 cordi
1453 2726 1503 2756 est
1535 2733 1564 2756 c.
1594 2725 1654 2765 18,
1681 2727 1701 2756 5

957 2768 1013 2802 ita
1037 2769 1112 2811 reyi
1138 2769 1239 2802 cordi
1264 2772 1356 2809 erat;
1388 2769 1468 2802 eine
1496 2767 1628 2811 Stelle,
1655 2779 1703 2804 an

959 2814 1024 2848 der
1044 2814 1112 2848 wie
1137 2814 1229 2857 hier,
1256 2815 1321 2850 der
1339 2814 1452 2850 Dativ
1479 2814 1543 2849 der
1562 2815 1701 2850 Person

959 2860 1020 2895 bei
1035 2861 1137 2896 cordi
1155 2865 1205 2896 est
1218 2862 1456 2906 ausgelassen
1468 2865 1577 2905 ware,
1597 2862 1703 2907 giebt

961 2918 998 2942 es
1025 2907 1137 2943 nicht.
