1953 3278
241 158 296 199 36
734 153 877 188 Limen
901 152 1068 187 xxvm.
1113 152 1214 189 CAP.
1244 156 1296 188 16.
1643 169 1668 187 ³.
1688 169 1716 186 u.
1735 162 1800 188 548.

246 268 463 307 armatura
488 276 601 303 nunc
622 261 674 301 ab
702 263 823 315 tergo
849 273 963 301 nune
990 259 1043 301 ab
1069 259 1277 300 lateribus
1304 260 1562 302 occurrendo
1588 259 1803 314 fatigabat

198 340 217 370 5
246 324 592 375 morabaturque3
626 319 698 360 sed
731 332 826 360 cum
855 317 908 359 ad
934 317 1106 359 crebros
1131 317 1341 359 tumultus
1369 319 1494 372 signa
1520 319 1806 361 consisterent

245 386 288 425 et
337 394 447 422 nunc
499 377 713 433 equestria
762 391 875 418 nunc
919 390 1016 418 cum
1059 376 1263 418 velitibus
1309 376 1561 431 auxiliisque
1612 377 1803 431 peditum

197 459 216 487 s,
244 440 406 496 proelia
447 438 737 490 consererent,
788 437 1125 489 supervenerunt
1167 434 1372 490 legiones.
1446 435 1542 476 inde
1587 450 1674 477 non
1717 435 1804 476 iam

246 512 388 553 pugna
421 497 494 538 sed
521 495 751 537 trucidatio
779 494 896 535 velut
921 508 1123 548 pecorum
1154 493 1258 547 fieri,
1290 492 1423 534 donec
1448 494 1539 548 ipse
1565 494 1648 535 dux
1674 494 1802 548 fugae

246 559 393 598 auctor
424 556 469 596 in
501 555 720 609 proximos
753 553 873 595 collis
907 559 1002 594 cum
1043 567 1115 594 sex
1154 552 1326 593 milibus
1363 551 1496 592 ferme
1535 552 1806 594 semermium

199 633 215 662 τ
244 615 397 668 evasit3
431 615 560 656 ceteri
592 613 704 655 caesi
735 612 945 666 captique.
999 614 1142 653 castra
1172 610 1455 652 tumultuaria
1484 611 1640 664 raptim
1671 610 1804 652 Poeni

243 674 409 715 tumulo
443 672 681 714 editissimo
715 671 1087 713 communiverunt
1119 673 1245 724 atque
1278 669 1393 723 inde,
1433 683 1529 710 cum
1567 668 1704 710 hostis
1736 683 1808 710 ne—

245 732 448 787 quiquam
482 732 626 773 subire
658 730 804 784 iniquo
837 744 1017 772 ascensu
1049 731 1228 771 conatus
1261 730 1391 782 esset,
1428 727 1544 768 haud
1582 727 1810 768 difficulter

197 809 217 839 5,-
245 805 338 832 sese
370 791 499 832 tutati
532 792 643 831 sunt.
706 788 779 830 sed
812 788 978 830 obsidio
1011 789 1057 829 in
1087 788 1181 829 loco
1206 787 1320 829 nudo
1355 789 1482 841 atque
1509 786 1628 840 inopi
1659 786 1732 827 vix
1763 785 1810 827 in

244 864 402 904 paucos
449 850 537 890 dies
585 847 824 889 tolerabilis
870 849 978 900 erat,
1028 847 1172 900 itaque
1216 846 1495 887 transitiones
1541 844 1594 886 ad
1639 844 1810 886 hostem

244 908 416 950 fiebant.
485 910 702 962 postremo
747 906 831 946 dux
875 906 967 959 ipse
1013 905 1196 946 navibus
1244 905 1392 946 accitis
1438 929 1492 934 —
1539 918 1618 945 nec
1661 902 1811 957 procul

243 967 340 1008 inde
386 967 536 1008 aberat
580 979 698 1007 mare
746 989 793 994 —
842 966 967 1006 nocte
1011 963 1159 1004 relicto
1206 964 1394 1004 exercitu
1435 962 1564 1004 Gadis
1605 962 1807 1017 perfugit.

199 1045 217 1075 ς)
246 1025 388 1080 Scipio
421 1026 526 1080 fuga
558 1024 676 1066 ducis
717 1023 909 1065 hostium
948 1022 1092 1064 audita
1132 1022 1275 1063 decem
1313 1022 1432 1062 milia
1466 1021 1658 1075 peditum
1690 1020 1808 1062 mille

179 1104 219 1134 10
247 1086 411 1140 equites
447 1083 651 1138 relinquit
690 1081 837 1124 Silano
878 1081 930 1122 ad
978 1083 1216 1122 castrorum
1255 1080 1538 1133 obsidionem3
1581 1080 1673 1134 ipse
1711 1093 1806 1120 cum

247 1144 396 1185 ceteris
430 1143 566 1197 copiis
599 1141 927 1195 septuagesimis
961 1140 1111 1182 castris
1150 1139 1347 1194 protinus
1385 1139 1523 1180 causis
1561 1138 1806 1193 regulorum

247 1203 567 1256 civitatiumque
607 1199 934 1255 cognoscendis,
975 1201 1024 1240 ut
1060 1198 1251 1253 praemia
1290 1197 1342 1239 ad
1380 1211 1525 1238 veram
1557 1197 1808 1238 meritorum

179 1281 217 1311 11
249 1261 591 1303 aestimationem
624 1259 756 1300 tribui
782 1260 970 1313 possent,
1003 1257 1289 1299 Tarraconem
1317 1256 1455 1298 rediit.
1516 1257 1617 1310 post
1646 1254 1809 1309 profec-

248 1321 408 1362 tionem
439 1320 527 1361 eius
554 1318 786 1360 Masinissa
814 1332 909 1359 cum
937 1316 1084 1358 Silano
1112 1317 1220 1358 clam
1248 1328 1517 1370 congressuS,
1549 1317 1597 1354 ut
1623 1313 1676 1354 ad
1700 1327 1812 1355 nova

296 1464 327 1494 5.
355 1460 404 1493 ad
423 1459 563 1493 crebros
589 1458 766 1492 tumultus
784 1457 890 1501 siyna
912 1466 992 1491 con-

247 1507 426 1550 sisterent]
454 1523 498 1534 =
526 1505 603 1548 „als
631 1504 697 1539 auf
718 1504 995 1548 Veranlassung

249 1555 313 1589 der
357 1553 592 1588 zahlreichen
636 1550 877 1586 Plankeleien
928 1550 994 1585 das

250 1601 350 1636 Heer
369 1600 459 1634 Halt
485 1600 676 1638 machte“;

251 1659 322 1682 nen
362 1647 493 1682 stehen
532 1646 714 1681 blieben“.

703 1599 773 1642 eig.
796 1598 878 1641 „die
899 1598 994 1632 Fah-

766 1646 814 1679 ad
852 1661 896 1673 =
933 1644 998 1679 auf

251 1695 539 1738 Veranlassung‚
567 1693 640 1737 vgl.
663 1704 691 1727 c.
713 1696 768 1734 36,
791 1696 811 1726 5
832 1692 881 1726 ad
900 1702 995 1736 spem

251 1742 415 1777 novandi
458 1752 513 1775 res
556 1740 698 1784 aliquid
741 1743 911 1774 moturos.
952 1759 994 1764 -

251 1790 358 1834 siyna
384 1801 446 1822 zur
471 1786 732 1831 Bezeichnung
757 1786 821 1821 des
846 1786 995 1829 Heems,

251 1836 362 1870 meist
409 1835 548 1880 Objekt
596 1833 812 1868 transitiver
855 1833 996 1875 Verba3

253 1883 327 1927 vgl.
355 1894 384 1918 c.
416 1886 474 1925 16,
504 1886 519 1915 1
555 1882 661 1926 siqua
698 1881 792 1924 ferre
825 1897 868 1909 =
901 1891 996 1914 mar—

253 1930 435 1973 schieren;
464 1933 566 1971 c.15‚
586 1933 626 1963 10
651 1928 759 1971 siyna
785 1927 999 1963 constituere

253 1994 297 2006 =
330 1976 421 2011 Halt
452 1975 620 2011 macheu.
670 1974 746 2010 Aus
779 1976 887 2019 siyna
918 1985 998 2008 con-

253 2025 416 2059 sisterent
448 2023 498 2057 ist
523 2035 565 2057 zu
592 2026 813 2057 consererent
843 2021 907 2056 der
932 2022 997 2056 Be-

254 2070 344 2115 griff
364 2071 495 2105 milites
520 2082 563 2103 zu
590 2070 822 2104 entnehmen.

301 2119 582 2162 supervenerunt
603 2116 771 2161 legiones]
801 2115 870 2149 mit
888 2114 998 2149 Dativ

255 2177 284 2200 c.
313 2169 351 2205 7,
379 2169 398 2198 7
437 2164 665 2199 molientibus
701 2183 746 2188 —
777 2163 999 2207 supervenit,

254 2213 320 2255 10,
347 2215 410 2253 29,
443 2216 462 2246 5
507 2210 778 2245 restituentibus
819 2220 998 2254 puynam3

255 2259 349 2294 ohne
384 2257 498 2293 Dativ
532 2269 560 2292 c.
589 2261 650 2299 25,
680 2261 696 2291 1
733 2268 844 2302 neque
877 2267 1000 2300 super—

256 2307 388 2341 veniret
420 2306 620 2350 quisquam.
661 2316 688 2339 c.
717 2308 778 2348 33,
807 2307 844 2346 5,
872 2303 998 2338 beides

254 2353 377 2397 gleich
403 2353 538 2396 haufig.

303 2404 333 2434 6.
362 2400 561 2434 trucidatio
586 2399 681 2433 velut
702 2397 888 2442 pecorum]
917 2397 1000 2439 „ein

255 2446 514 2489 Schlaohten‘z
535 2446 609 2490 vgl.
624 2445 684 2488 25,
702 2449 755 2487 16,
773 2449 814 2479 19
831 2455 1001 2488 pecorum

254 2495 357 2529 modo
383 2494 495 2528 inulti
521 2494 760 2527 trucidentur.
806 2491 867 2535 28,
896 2495 953 2535 20,
979 2496 999 2525 6

254 2542 442 2576 trucidant
467 2541 623 2574 inermis.

305 2592 335 2622 7.
363 2588 606 2623 tumultuaria
632 2586 782 2632 raptim]
811 2586 887 2629 „sie
911 2597 1000 2620 war-

257 2635 319 2669 fen
350 2635 476 2679 hastig
502 2634 865 2678 Notbefestigungen
898 2632 1001 2674 auf“;

256 2682 332 2727 vgl.
360 2682 399 2726 S,
431 2686 489 2726 11,
526 2685 567 2715 10
599 2681 863 2715 tumultuarius
906 2690 1002 2714 exer—

257 2731 351 2763 citus
397 2749 440 2754 —
485 2729 621 2772 raptim
671 2729 904 2772 conscriptus.
967 2725 1003 2771 5,

258 2780 321 2819 37,
356 2780 374 2811 7
409 2776 650 2811 tumultuario
681 2776 837 2810 eaeercitu
867 2774 1004 2818 raptim

258 2824 374 2858 ducto.

306 2871 391 2904 inde
413 2891 454 2894 —
477 2881 548 2905 sese
568 2871 679 2904 tutati
697 2869 800 2914 sunt]
821 2868 905 2903 inde
919 2878 1004 2902 vom

261 2916 519 2961 Standpunkte
553 2917 617 2951 des
651 2916 905 2960 Verteidigers
939 2925 1004 2948 aus

1068 1456 1212 1500 gesagt,
1238 1454 1307 1489 wie
1334 1454 1393 1497 26,
1418 1458 1474 1498 26,
1495 1457 1515 1488 3
1542 1452 1704 1488 Romani
1728 1443 1812 1487 inde

1068 1503 1331 1548 oppuynabant
1373 1512 1445 1536 von
1497 1501 1580 1535 dem
1628 1499 1692 1534 des
1736 1499 1813 1534 An-

1069 1549 1233 1594 greifers.

1119 1612 1171 1643 10.
1204 1607 1477 1652 septuagesimis
1508 1605 1654 1651 eastris]
1688 1605 1813 1648 „nach

1069 1655 1207 1699 siebzig
1249 1653 1582 1699 Tagemarschen“.
1642 1652 1717 1696 vgl.
1752 1652 1814 1694 27,

1069 1706 1123 1744 32,
1154 1706 1193 1736 11
1222 1702 1379 1736 ‹tecumis
1404 1701 1542 1736 castris.

1117 1761 1236 1796 causis
1287 1780 1330 1785 —-
1388 1758 1669 1839 coynoscendisl}
1731 1757 1815 1802 „in-

1070 1808 1153 1842 dem
1193 1807 1297 1852 (oder
1333 1806 1522 1851 wahrend)
1563 1817 1601 1840 er
1672 1815 1815 1840 rozesse

1071 1854 1335 1896 schlichtete“;
1369 1854 1434 1888 der
1465 1853 1548 1888 Abl.
1582 1853 1646 1887 des
1676 1851 1814 1887 Gerun-

1071 1901 1217 1935 divums
1254 1900 1292 1935 in
1329 1901 1555 1945 temporaler
1586 1899 1816 1943 Bedeutung,

1071 1947 1132 1983 bei
1146 1948 1271 1983 Cicero
1284 1948 1360 1982 und
1375 1947 1516 1982 Sallust
1535 1946 1736 1989 bisweilen,
1755 1945 1817 1980 bei

1071 1996 1149 2030 Liv.
1177 1996 1320 2040 haufig;
1351 1995 1424 2039 vgl.
1451 1995 1491 2037 5,
1517 1998 1579 2037 43,
1608 1998 1626 2028 7
1653 2004 1734 2028 cunt
1758 1993 1817 2028 dis

1071 2043 1346 2087 hominibusque
1372 2042 1589 2077 accusandis
1613 2042 1815 2076 senesceret.

1073 2089 1141 2133 23,
1170 2094 1229 2133 17,
1265 2094 1307 2124 10
1345 2089 1528 2124 struendis
1564 2088 1715 2122 invicem
1759 2087 1814 2120 in-

1073 2138 1178 2172 sidiis
1204 2137 1463 2172 traduxissent.

1121 2196 1169 2230 ad
1188 2206 1307 2230 veram
1324 2215 1368 2220 —
1382 2192 1682 2237 aestimationem]
1710 2191 1816 2235 „dem

1074 2243 1224 2277 wahren
1238 2242 1365 2276 Werte
1384 2239 1562 2286 gemass“,
1589 2241 1637 2274 ad
1656 2255 1699 2268 =
1715 2240 1817 2281 „ent-

1074 2289 1320 2334 sprechend“;
1347 2289 1422 2333 vgl.
1444 2288 1504 2331 26,
1525 2291 1557 2331 6,
1582 2291 1622 2321 15
1649 2286 1743 2321 nihil
1768 2286 1818 2321 ad

1072 2347 1149 2371 eam
1174 2347 1269 2380 spem
1296 2337 1577 2380 adynoseentem.
1626 2333 1686 2376 29,
1714 2337 1746 2377 6,
1775 2336 1818 2367 10

1072 2384 1189 2418 scalas
1233 2383 1282 2418 ad
1325 2383 1458 2418 editam
1502 2381 1732 2416 altitudinem
1773 2400 1815 2405 —-

1073 2431 1285 2474 fabricatas.
1342 2431 1413 2464 Zur
1445 2428 1645 2473 Wendung
1675 2427 1750 2472 vgl.
1782 2425 1817 2470 3,

1077 2481 1139 2521 19,
1166 2481 1186 2511 6
1212 2478 1276 2521 qui
1300 2488 1379 2511 rere
1404 2487 1476 2511 rem
1505 2476 1693 2511 aestimare
1723 2473 1817 2508 velit.

1074 2524 1115 2568 6,
1144 2528 1204 2567 11,
1237 2528 1268 2559 4.
1319 2524 1385 2568 30,
1419 2527 1483 2566 22,
1515 2528 1535 2558 3
1567 2523 1600 2557 si
1629 2521 1711 2566 quis
1740 2531 1819 2555 vere

1075 2573 1244 2607 aestimet.

1127 2634 1179 2664 11.
1207 2634 1247 2664 ut
1273 2630 1321 2664 ad
1346 2640 1441 2664 nova
1460 2628 1818 2670 consilia—yentem

1078 2677 1315 2712 oboedientem
1334 2675 1493 2720 haberet]
1514 2685 1599 2717 „um
1621 2673 1685 2708 der
1698 2682 1818 2706 neuen

1078 2724 1218 2759 Politik
1249 2723 1464 2768 gegenfiber
1489 2721 1555 2755 auf
1583 2720 1654 2754 den
1680 2718 1819 2753 Gehor-

1077 2782 1157 2805 sam
1207 2771 1326 2806 seines
1371 2769 1553 2804 Stammes
1601 2766 1731 2801 zahlen
1775 2777 1819 2800 zu

1076 2818 1265 2860 konnen“;
1311 2816 1383 2861 vgl.
1419 2815 1485 2858 23,
1520 2818 1580 2857 18,
1614 2818 1633 2848 9
1672 2824 1736 2847 nec
1771 2813 1820 2847 ad

1076 2866 1199 2900 varios
1226 2885 1266 2889 —
1294 2866 1444 2898 conatus
1476 2865 1541 2896 aut
1566 2862 1620 2896 vis
1652 2861 1730 2895 ulla
1755 2863 1820 2894 aut

1078 2923 1140 2947 ars
1165 2913 1294 2946 deerat.
