1953 3278
178 556 227 592 14

250 151 308 193 30
699 149 843 184 LIBER
868 148 1031 183 xxviii
1083 147 1184 182 CAP.
1213 153 1266 185 13.
1295 154 1346 184 14.

1649 167 1674 186 a.
1694 167 1722 186 u.
1742 161 1804 188 548.

247 262 372 313 petus
398 259 588 312 poterat,
614 256 723 297 nihil
749 256 836 297 iam
863 255 1059 296 ordinum
1091 269 1302 296 memores
1334 258 1513 312 passim,
1546 272 1630 312 qua
1659 258 1809 312 cuique

179 329 222 361 10
247 318 489 372 proximum
516 314 608 368 fuit,
634 314 679 355 in
706 313 853 369 fugam
881 312 1169 354 effunduntur.
1214 316 1257 354 et
1282 328 1539 370 quamquam
1567 330 1615 358 eo
1645 317 1809 371 proelio

249 377 512 430 aliquantum
540 376 583 414 et
608 371 816 414 Romanis
845 372 958 413 aucti
986 373 1028 412 et
1054 371 1263 412 deminuti
1289 372 1488 415 hostibus
1515 375 1648 416 animi
1676 377 1810 428 erant,

248 437 390 475 tamen
421 445 655 486 numquam
686 444 762 485 per
794 431 958 486 aliquot
989 430 1252 484 insequentis
1285 430 1375 472 dies
1403 432 1455 473 ab
1484 433 1808 475 excursionibus

249 492 439 546 equitum
471 490 662 545 levisque
695 492 937 531 armaturae
970 491 1184 530 cessatum
1218 491 1293 530 est.

365 548 451 590 Ubi
485 549 590 590 satis
622 550 857 602 temptatae
896 562 971 602 per
1002 547 1108 589 haec
1140 547 1255 589 levia
1287 549 1520 590 certamina
1551 551 1663 591 vires
1696 553 1807 603 sunt,

247 608 364 662 prior
400 607 647 649 Hasdrubal
687 608 732 648 in
770 607 904 649 aciem
951 607 1095 661 copias
1141 606 1303 660 eduxit,
1349 606 1497 648 deinde
1537 610 1579 648 et
1617 608 1804 650 Romani

201 681 220 711 ρ
246 680 501 720 processere.

564 666 638 708 sed
675 669 857 720 utraque
896 666 1006 707 acies
1050 679 1128 719 pro
1168 665 1281 706 vallo
1329 666 1449 707 stetit
1489 666 1717 721 instructa,
1762 670 1804 708 et

247 739 342 766 cum
381 725 434 766 ab
473 726 636 766 neutris
674 738 818 779 pugna
856 726 1008 778 coepta
1039 726 1169 777 esset,
1206 724 1291 765 iam
1325 724 1391 765 die
1424 724 1475 765 ad
1509 738 1706 766 occasum
1740 725 1802 766 in-

247 784 432 825 clinante
471 798 495 825 a
526 783 669 825 Poeno
708 783 845 837 prius,
884 782 1033 824 deinde
1072 783 1125 824 ab
1161 782 1354 824 Romano
1392 783 1436 824 in
1475 785 1617 825 castra
1656 783 1803 837 copiae

200 857 220 887 3
248 842 458 884 reductae.

526 842 606 884 hoc
644 842 756 883 idem
794 856 871 895 per
908 841 997 882 dies
1036 841 1199 896 aliquot
1238 842 1411 883 factum.
1478 843 1596 895 prior
1639 855 1805 896 semper

247 900 415 943 Poenus
460 901 605 955 copias
651 901 800 942 castris
845 900 1068 953 educebat,
1111 900 1229 954 prior
1269 900 1394 941 fessis
1438 900 1590 942 stando
1630 901 1802 956 signum

245 961 435 1014 receptui
481 960 625 1001 dabat:
672 960 724 1000 ab
762 961 916 1000 neutra
953 960 1073 1012 parte
1111 972 1360 1012 procursum
1399 959 1586 1001 telumve
1624 960 1804 1000 missum

197 1033 217 1063 4
245 1021 320 1060 aut
356 1033 439 1060 vox
477 1019 566 1060 ulla
605 1021 711 1060 orta.

772 1017 957 1058 mediam
997 1017 1128 1058 aciem
1167 1016 1267 1058 hinc
1305 1017 1506 1072 Romani,
1544 1018 1661 1060 illinc
1703 1017 1800 1060 Car—

243 1077 537 1132 thaginienses
571 1077 693 1118 mixti
721 1076 850 1129 Afris,
883 1089 1040 1117 cornua
1067 1075 1172 1116 socii
1204 1076 1410 1116 tenebant
1430 1100 1484 1105 —-
1506 1079 1628 1118 erant
1660 1079 1803 1118 autem

244 1137 435 1190 utrisque
474 1136 659 1190 Hispani
702 1151 774 1189 —3
819 1149 896 1189 pro
936 1134 1134 1175 cornibus
1174 1136 1271 1174 ante
1310 1133 1516 1176 Punicam
1555 1135 1689 1176 aciem
1722 1135 1803 1176 ele-

198 1210 218 1240 5
246 1195 399 1249 phanti
433 1195 704 1236 castellorum
748 1193 897 1248 procul
936 1192 1120 1247 speciem
1165 1191 1442 1246 praebebant.

1504 1193 1592 1234 iam
1635 1193 1717 1234 hoc
1760 1193 1805 1235 in

245 1254 436 1308 utrisque
463 1254 613 1294 castris
636 1253 844 1294 sermonis
865 1255 957 1293 erat
981 1251 1056 1305 ita,
1082 1253 1129 1292 ut
1154 1251 1356 1292 instructi
1384 1251 1615 1305 stetissent,
1641 1265 1805 1306 pugna-

244 1315 381 1366 turos,
425 1311 587 1353 medias
627 1312 738 1353 acies
777 1311 1019 1354 Romanum
1058 1309 1354 1364 Poenumque,
1400 1324 1506 1365 quos
1549 1311 1660 1352 inter
1700 1310 1804 1352 belli

246 1385 375 1412 causa
414 1374 543 1426 esset,
581 1371 674 1425 pari
706 1371 860 1412 robore
900 1371 1138 1411 animorum
1178 1383 1478 1423 armorumque
1511 1383 1805 1411 concursuros.

197 1443 216 1474 6
245 1428 388 1484 Scipio
410 1430 483 1471 ubi
503 1430 608 1471 haec
628 1430 841 1472 obstinate
863 1429 976 1471 credi
998 1427 1314 1482 animadvertit,
1341 1429 1486 1470 omnia
1513 1428 1562 1469 de
1589 1427 1801 1470 industria

243 1581 366 1616 wohin
406 1582 588 1622 sffirzenss,
626 1580 822 1614 vei-bindet
857 1592 895 1614 cr
932 1581 985 1614 in-

243 1628 359 1662 cidere
373 1627 441 1662 mit
461 1628 543 1662 dem
557 1628 668 1662 Dativ
689 1627 752 1662 der
767 1626 896 1670 Sache,
911 1627 984 1672 vgl.

243 1675 304 1718 26,
330 1679 385 1718 39,
413 1678 456 1709 22
482 1675 624 1718 foribus
649 1686 683 1709 u.
705 1685 736 1709 0.

292 1738 346 1768 10.
369 1734 595 1778 aliquantum
610 1754 652 1758 —
669 1733 784 1779 aucti]
806 1735 903 1768 trotz
923 1734 986 1768 des

242 1781 527 1826 komparativen
559 1780 736 1825 Begriffes
775 1791 847 1815 von
886 1782 986 1816 aucti

240 1827 291 1862 ist
334 1829 563 1873 aliquantum
608 1827 862 1871 beibehalten3
908 1828 984 1873 vgl.

241 1875 300 1919 22,
331 1879 384 1917 18,
405 1879 424 1909 2
451 1886 599 1909 numero
625 1876 854 1919 aliquantum
879 1886 985 1919 prae-

241 1923 403 1965 stabant3
431 1923 525 1957 auch
544 1922 605 1956 bei
624 1932 784 1965 crescere,
803 1933 986 1967 superare,

242 1970 402 2004 eminere.

288 2039 352 2071 per
377 2029 515 2072 aliquot
541 2028 760 2072 insequentis
789 2028 880 2074 dies]
909 2028 981 2073 vgl.

242 2074 308 2117 27,
341 2078 405 2118 42,
431 2079 451 2109 9
490 2075 758 2119 insequentibus
802 2076 986 2111 continuis

241 2122 366 2156 diebus
392 2122 538 2166 aliquot.

289 2181 334 2215 ab
361 2181 635 2216 eaeeursz'onibus
657 2202 697 2205 —
720 2184 893 2216 cessatum
919 2182 983 2227 est]

241 2227 388 2271 „wurde
401 2229 665 2272 nachgelassen
678 2228 748 2263 mit
756 2228 986 2272 Ausffiuen“;

241 2274 319 2310 Liv.
353 2275 501 2309 wendet
535 2275 572 2310 in
611 2275 731 2310 dieser
767 2275 985 2321 Bedeutung

240 2332 376 2357 cessare
401 2322 511 2357 meist
535 2322 661 2367 passiv
686 2323 760 2356 und
786 2326 984 2367 unperson-

241 2368 315 2403 lich
336 2380 398 2411 an3
427 2369 501 2413 vgl.
523 2373 697 2404 cessatum
723 2372 771 2404 est
797 2370 842 2404 ab
869 2381 984 2414 appa-

240 2419 327 2450 ratu
352 2416 417 2457 21,
447 2420 507 2460 11,
535 2421 566 2451 5.
611 2417 676 2458 23,
706 2420 766 2460 19,
793 2420 812 2450 2
844 2418 888 2452 αἱ)
922 2428 983 2461 op-

234 2464 471 2507 puqnatione.

289 2532 323 2557 c.
352 2523 411 2565 14,
439 2526 470 2557 2.
492 2533 562 2566 pro
589 2523 683 2557 vallo
707 2522 820 2567 stetit]
848 2522 982 2566 „stand

240 2570 457 2614 unthatig
476 2580 542 2604 vor
561 2570 644 2604 dem
666 2569 825 2604 Walle.“
846 2580 916 2613 pro
937 2586 980 2598 =

240 2628 330 2652 vorn
351 2628 416 2651 vor
441 2617 515 2651 und
543 2629 623 2650 zum
645 2615 813 2660 Schutze,
835 2616 909 2660 vgl.
925 2620 944 2658 ξ
960 2621 980 2650 4

233 2675 305 2708 pro
330 2665 509 2699 cornibus.

287 2724 345 2758 die
376 2724 424 2758 ad
456 2733 619 2757 occasum
651 2722 867 2767 inclinante]
903 2721 982 2764 „als

241 2770 305 2804 der
355 2770 434 2815 Tag
484 2770 562 2804 sich
612 2782 693 2804 zum
745 2770 982 2814 Untergange

240 2817 406 2860 neigte“;
442 2817 512 2861 vgl.
539 2817 580 2860 9,
607 2821 668 2861 32,
697 2821 716 2851 6
746 2817 810 2851 sol
835 2817 983 2850 meridie

240 2874 281 2897 se
305 2865 515 2906 inclinauit,
543 2866 647 2898 sonst
672 2866 756 2908 sagt
782 2863 861 2897 Liv.
891 2864 981 2897 stet-s

241 2921 385 2945 occasus
405 2911 479 2945 und
499 2914 598 2945 ortus
618 2912 746 2952 solis,
773 2911 876 2945 nicht
896 2911 979 2944 (liei.

1060 1579 1109 1612 Zu
1142 1580 1322 1614 inclinare
1353 1579 1427 1623 vgl.
1455 1589 1484 1613 c.
1522 1583 1557 1623 1,
1593 1584 1607 1613 1
1644 1578 1802 1614 declina·

1058 1630 1168 1661 verat.

1105 1689 1138 1719 4.
1179 1684 1492 1729 Carthaqz'nienses
1530 1685 1638 1719 mioeti
1676 1684 1800 1729 Afris]

1059 1731 1281 1775 cigentliche
1297 1732 1517 1776 Karthager,
1537 1731 1721 1775 gemischt
1735 1731 1804 1766 mit

1058 1779 1217 1813 anderen
1239 1778 1514 1813 afrikanischen
1527 1777 1706 1820 Volkern3
1727 1778 1801 1823 vgl.

1060 1837 1089 1860 c.
1108 1829 1161 1869 13,
1176 1829 1196 1860 8
1218 1825 1331 1860 Poeni
1350 1825 1612 1870 Numidaeque.
1642 1837 1670 1860 c.
1689 1829 1743 1867 14,
1761 1828 1802 1859 19

1062 1873 1179 1907 Poeni
1203 1874 1364 1907 veterani
1388 1873 1557 1917 Afrique.
1611 1871 1672 1915 30,
1699 1875 1755 1916 33,
1782 1875 1803 1906 5

1061 1920 1378 1964 Carthayinienses
1403 1920 1594 1964 Afrosque.

1107 1983 1137 2014 5.
1183 1979 1248 2014 hoe
1291 1999 1334 2003 —
1378 1979 1552 2013 sermonis
1598 1978 1691 2024 erat]
1743 1988 1804 2022 „es

1059 2026 1249 2060 herrschte
1265 2025 1330 2060 das
1342 2025 1518 2060 Gerede“.
1541 2025 1676 2069 Haufig
1687 2025 1803 2070 hangt

1058 2084 1131 2108 von
1157 2073 1240 2107 dem
1268 2072 1598 2106 substantivierten
1619 2072 1801 2106 Neutrum

1059 2120 1124 2154 des
1146 2120 1372 2154 Pronomens
1393 2119 1450 2154 ein
1471 2117 1621 2153 Genitiv
1642 2118 1706 2161 εὼς
1726 2118 1802 2164 vgl.

1058 2166 1124 2210 27,
1150 2171 1213 2210 49,
1241 2171 1259 2201 7
1286 2167 1326 2201 id
1350 2166 1478 2200 solacii
1502 2166 1577 2200 und
1603 2165 1803 2200 besonders

1057 2214 1183 2258 haufig
1215 2213 1304 2258 quid
1328 2213 1382 2248 rei
1405 2212 1480 2247 und
1510 2213 1550 2247 id
1574 2213 1715 2247 roboris
1740 2215 1800 2248 est.

1104 2283 1191 2317 quos
1222 2273 1316 2307 inter
1347 2271 1430 2306 belli
1455 2270 1581 2316 eausa]
1618 2270 1675 2305 die
1702 2271 1800 2305 Ana.-

1058 2319 1208 2363 strophe
1235 2330 1305 2354 von
1331 2319 1426 2353 inter
1450 2318 1547 2353 nach
1574 2318 1695 2352 einem
1715 2317 1801 2353 Pro-

1058 2376 1191 2401 nomen
1218 2366 1334 2400 findet
1359 2365 1436 2400 sich
1464 2365 1560 2400 auch
1587 2365 1647 2399 bei
1668 2363 1740 2400 Cic.
1765 2376 1799 2399 u.

1059 2412 1194 2448 Caesar
1220 2412 1341 2457 einige
1362 2413 1475 2455 Male3
1503 2412 1597 2447 nach
1624 2411 1801 2446 Substan-

1055 2460 1158 2495 tiven
1183 2459 1257 2504 vgl.
1285 2460 1350 2503 22,
1378 2464 1415 2502 3,
1443 2463 1462 2493 3
1494 2459 1675 2494 Faesulas
1707 2459 1802 2493 inter

1055 2508 1322 2551 Arretiumque,
1346 2516 1421 2541 was
1448 2507 1551 2542 sonst
1578 2504 1801 2540 dichterisch

1054 2554 1115 2589 ist.

1103 2614 1309 2648 animorum
1335 2611 1600 2656 armorumque]
1637 2609 1799 2645 beliebte

1057 2659 1610 2702 allitterierendeVerbindung,
1631 2657 1729 2691 auch·
1738 2656 1799 2691 bei

1058 2707 1149 2749 Cie.;
1180 2708 1253 2752 vgl.
1279 2707 1310 2750 7,
1335 2711 1388 2751 13,
1410 2711 1429 2741 6
1449 2707 1526 2741 sine
1551 2705 1696 2747 animis,
1722 2704 1800 2738 sine

1056 2756 1177 2789 armis.
1230 2754 1297 2798 27,
1327 2758 1386 2797 16,
1415 2757 1431 2786 1
1465 2762 1539 2787 non
1570 2752 1693 2786 animo
1724 2761 1799 2785 non

1055 2803 1183 2844 armi53
1227 2801 1265 2835 in
1315 2799 1577 2844 umgekehrter
1628 2797 1799 2843 Stellung

1055 2850 1089 2893 6,
1116 2852 1171 2893 29,
1198 2852 1218 2882 2
1244 2848 1358 2890 fretus
1384 2847 1498 2881 armis
1524 2846 1737 2889 animisque.

1103 2911 1133 2941 6.
1161 2907 1338 2942 obstinate
1369 2905 1482 2951 credi]
1517 2904 1620 2948 „dass
1648 2915 1685 2939 es
1719 2903 1798 2938 ent-
