1953 3278
233 140 255 180 1
265 140 317 180 16
902 140 1120 176 ANHANG.

231 256 259 280 ο.
283 250 339 289 29,
361 251 380 281 9
407 257 450 281 ex
470 249 703 290 praeparato.
749 256 777 279 e.
799 248 856 288 33,
875 248 896 279 3
923 255 966 279 ex
991 247 1138 281 occulto.
1184 257 1212 281 c.
1234 251 1290 290 33,
1312 252 1331 282 6
1357 260 1400 283 ex
1425 250 1584 285 adverso.
1637 262 1666 285 c.
1688 255 1744 294 39,
1765 255 1785 286 9

230 303 274 327 ex
298 295 493 338 insperato.
545 303 574 325 ο.
597 296 652 333 42,
680 295 700 325 2
727 302 771 325 ex
796 292 880 326 alto.
932 303 961 326 e.
981 296 1039 336 44,
1065 297 1085 327 3
1112 304 1156 328 ex
1175 296 1399 339 propinquo.
1449 295 1510 340 28,
1537 301 1569 340 3,
1595 301 1617 331 4
1643 308 1686 332 ex
1699 308 1787 342 pro-

227 341 376 384 pinquo.
427 339 488 381 29,
521 343 577 373 33.
611 342 631 372 2
663 349 707 372 ex
738 338 884 373 occulto.
935 350 965 373 c.
993 343 1051 382 34,
1084 343 1126 374 10
1158 351 1202 374 ex
1232 343 1433 385 composito.
1483 343 1544 387 30,
1579 348 1633 388 10,
1667 348 1712 379 20
1743 356 1787 379 ea:

229 387 423 431 imperato.
481 397 509 420 c.
541 389 597 429 11,
629 388 649 419 6
682 396 725 419 ex
757 388 843 420 tuto.
901 396 929 419 e.
957 389 1012 428 25,
1047 390 1067 420 6
1100 397 1144 421 ex
1175 387 1259 423 alto.
1316 398 1346 422 c.
1378 392 1435 433 29,
1467 393 1488 424 8
1519 401 1563 425 eae
1594 392 1787 436 composito

229 445 263 468 u.
290 445 333 467 ea:
353 432 572 476 propinquo.
613 443 641 466 c.
663 435 719 473 44,
749 436 788 465 11
817 443 860 465 ea:
880 433 1038 476 privato.
1083 433 1145 477 31,
1173 437 1228 477 16,
1255 438 1275 468 8
1302 445 1345 468 cx
1366 437 1583 482 propinquo.
1623 449 1653 473 c.
1682 442 1738 483 26,
1765 442 1786 473 3

228 491 272 514 esc
296 480 500 523 improviso.
553 489 581 512 e.
610 483 666 520 33,
693 483 712 513 7
746 490 789 513 ex
820 479 969 514 diverso.
1021 491 1050 514 c.
1078 484 1133 523 37,
1167 484 1188 514 4
1221 491 1264 515 ex
1296 482 1499 525 improviso.
1549 495 1579 519 e.
1606 488 1663 528 42,
1689 488 1710 519 5
1744 495 1788 519 ecc

228 530 314 561 tuto.
359 525 420 569 32,
448 529 502 568 18,
530 530 551 560 4
577 537 620 560 ea:
645 526 804 560 adverso.
849 537 879 560 c.
899 530 956 569 25,
983 530 1003 560 5
1029 537 1073 562 ex
1098 528 1258 562 adverso.
1304 539 1332 563 c.
1355 531 1411 571 32,
1440 534 1481 563 13
1508 541 1551 565 ex
1563 533 1784 576 propinquo.

228 573 288 616 33,
316 577 347 616 6,
375 575 396 607 8
421 574 518 607 velut
542 583 592 607 ew
610 573 858 617 praedicto.
909 584 938 608 c.
968 578 1022 617 15,
1052 578 1092 608 11
1120 585 1163 608 ecc
1188 575 1337 609 diverso.
1389 585 1417 609 e.
1448 578 1502 619 18,
1532 580 1574 611 18
1600 588 1643 613 eae
1668 582 1786 614 trans-

227 630 335 655 verso.
383 631 411 654 c.
433 624 489 662 27,
518 624 557 654 11
587 631 630 654 eae
652 620 868 664 propinquo.
914 631 943 654 c.
965 623 1021 663 28,
1049 625 1070 655 4
1095 622 1190 656 velut
1209 632 1259 656 ea:
1278 625 1380 657 ante
1399 623 1584 658 indicto.
1636 635 1666 661 c.
1687 629 1743 667 31,
1764 628 1787 659 4

227 678 271 700 ea:
295 677 399 702 vano.
451 666 513 710 34,
542 671 595 709 14,
625 670 665 701 11
700 678 743 701 ea:
775 668 978 711 improviso.
1030 679 1059 703 c.
1087 671 1143 712 34,
1171 672 1191 702 6
1223 679 1267 703 ecc
1299 669 1505 714 lonqinquo.
1558 681 1587 704 c.
1615 674 1671 716 34,
1697 674 1718 706 8
1744 683 1788 707 ex

221 714 381 758 privato.
433 725 462 748 c.
483 717 540 758 39,
567 717 588 747 4
614 725 657 748 esc
677 714 836 749 adverso.
887 725 915 749 c.
938 718 993 757 39,
1021 719 1041 749 6
1067 726 1110 749 ea:
1130 716 1349 760 propinquo.
1402 727 1431 751 c.
1452 720 1508 759 40,
1535 720 1557 751 4
1583 727 1626 752 ex
1651 719 1786 762 scripto

229 781 272 785 —
299 761 424 795 editae.
476 771 505 795 e.
534 764 590 803 54,
617 764 636 795 8
669 771 712 796 eoe
738 762 899 805 antiquo.
951 760 1012 805 35,
1040 766 1071 803 5,
1099 766 1119 796 3
1152 773 1196 796 ea:
1221 767 1355 806 aperto.
1407 774 1436 798 c.
1467 768 1521 807 16,
1548 768 1568 799 6
1594 775 1638 799 ex
1663 775 1785 810 aequo.

226 808 287 850 36,
316 812 370 850 14,
399 811 440 841 13
467 818 510 842 θαι
536 808 756 852 propinquo.
807 819 836 842 c.
866 812 920 851 19,
947 812 966 842 3
993 819 1037 843 eoe
1063 810 1282 854 propinquo.
1334 821 1362 845 e.
1391 814 1446 854 25,
1476 815 1493 844 1
1520 822 1564 845 eae
1583 813 1786 856 composito.

228 866 257 889 e.
279 858 336 898 39,
363 858 383 888 6
410 865 452 889 επ
465 855 685 898 propinquo.
725 854 786 898 37,
815 858 845 896 7,
875 858 917 889 10
943 866 986 889 ex
999 860 1237 899 praeparata
1277 868 1306 893 e.
1330 860 1383 901 13,
1405 861 1424 891 3
1451 868 1494 892 εκ
1514 858 1597 893 alto.
1637 870 1664 893 c.
1687 862 1744 903 27,
1765 863 1786 894 5

226 913 270 935 επ
296 903 379 936 alto.
431 912 460 935 c.
488 904 544 943 28,
572 904 592 935 6
624 912 667 935 ex
687 901 907 945 propinquo.
959 912 988 936 e.
1015 905 1070 945 36,
1098 906 1118 936 5
1151 914 1194 937 esc
1219 914 1340 948 aequo.
1392 915 1420 940 c.
1448 909 1504 947 41,
1531 908 1553 938 4
1586 915 1629 939 ex
1659 906 1786 941 medio.

227 959 256 983 e.
290 952 345 991 42,
380 952 399 982 5
431 959 475 983 ex
506 951 718 983 transverso.
776 947 835 990 38,
872 952 901 989 1,
934 952 954 982 9
986 959 1029 983 ex
1062 950 1264 993 composito.
1326 962 1355 985 c.
1388 955 1421 994 5,
1453 955 1473 985 8
1506 962 1549 986 esc
1581 953 1783 997 composito.

226 1007 255 1030 c.
285 1001 315 1038 6,
343 1000 362 1030 5
383 1006 409 1029 e.
431 1005 458 1030 c.
498 1005 527 1029 e.
554 999 586 1038 6,
614 999 634 1029 6
655 1006 681 1029 e.
709 1005 737 1028 c.
777 1006 806 1029 c.
822 999 855 1038 6,
874 999 892 1028 7
913 1005 939 1030 e.
955 1006 982 1029 c.
1023 1006 1050 1030 c.
1068 1000 1099 1039 6,
1115 1000 1134 1030 9
1161 1007 1205 1030 em
1223 1000 1309 1031 tuto.
1352 1001 1489 1040 c.16,4
1508 1009 1552 1033 eae
1565 1000 1785 1044 propinquo.

226 1054 255 1077 c.
284 1046 340 1084 21,
368 1046 388 1077 8
419 1053 462 1077 ex
488 1043 634 1077 occulto.
686 1052 715 1076 c.
744 1045 800 1084 22,
827 1045 847 1075 2
880 1052 923 1076 ex
948 1044 1151 1086 composito.
1203 1054 1232 1078 c.
1260 1047 1316 1087 43,
1344 1047 1362 1078 7
1395 1055 1438 1078 ex·
1463 1047 1666 1089 composito.
1722 1047 1783 1090 39,

226 1093 282 1134 36,
317 1096 333 1124 1
368 1100 411 1124 ex
442 1100 564 1134 aequo.
615 1100 644 1124 c.
672 1092 728 1131 37,
763 1093 806 1123 10
837 1100 880 1123 ex
912 1099 1033 1134 aequo.
1085 1100 1115 1123 c.
1142 1094 1198 1133 47,
1232 1094 1252 1124 6
1284 1101 1327 1124 ατ
1359 1101 1480 1135 aequo.
1537 1091 1598 1135 40,
1625 1096 1657 1136 5,
1691 1096 1709 1127 7
1742 1104 1785 1128 ex

226 1137 428 1182 composito.
481 1147 510 1170 c.
537 1140 593 1178 47,
620 1140 640 1169 2
674 1146 716 1170 eae
748 1136 952 1180 improviso.
1003 1148 1032 1171 c.
1060 1139 1118 1180 48,
1144 1140 1166 1170 4
1197 1147 1240 1171 ex
1272 1139 1475 1182 composito.
1525 1139 1586 1187 41,
1612 1142 1644 1181 5,
1674 1143 1715 1173 11
1742 1151 1786 1174 ex

224 1185 451 1228 necopinato.
503 1195 532 1218 c.
561 1187 616 1225 19,
643 1187 663 1217 8
690 1193 733 1217 ex
759 1186 893 1227 aperto.
944 1181 1005 1225 42,
1031 1186 1088 1227 23,
1115 1187 1135 1217 6
1162 1194 1205 1218 esc
1225 1195 1346 1228 aequo.
1398 1195 1427 1219 c.
1455 1188 1511 1227 23,
1538 1187 1558 1220 6
1586 1196 1629 1220 eae
1655 1187 1784 1222 alieno.

226 1241 255 1266 c.
279 1235 334 1273 24,
363 1235 406 1265 10
433 1241 476 1264 ex
496 1230 674 1264 instituto.
726 1241 754 1264 c.
777 1233 834 1272 25,
863 1233 904 1263 11
932 1240 976 1264 em
995 1241 1117 1274 aequo.
1168 1242 1198 1264 c.
1220 1235 1275 1273 26,
1297 1235 1317 1265 5
1344 1243 1387 1266 ex
1406 1232 1583 1266 instituto.
1634 1244 1663 1267 c.
1686 1237 1742 1276 30,
1763 1237 1784 1268 6

225 1289 269 1313 επ
294 1288 416 1322 aequo.
467 1281 580 1320 c.‚30,
609 1281 626 1311 7
654 1287 698 1312 ex
724 1280 810 1312 tuto.
862 1288 890 1311 c.
919 1281 976 1320 65,
1004 1281 1044 1311 11
1077 1288 1122 1312 eno
1146 1278 1340 1322 insperato.
1391 1289 1420 1312 c.
1448 1282 1504 1323 67,
1533 1284 1552 1313 2
1574 1290 1617 1314 ex
1632 1281 1785 1324 propin-

225 1336 304 1369 quo.
361 1323 422 1368 44,
449 1329 482 1368 3,
514 1328 535 1359 8
567 1335 610 1359 eoe
636 1325 857 1369 propinquo.
908 1334 937 1358 c.
966 1327 997 1367 5,
1033 1327 1076 1358 10
1107 1335 1150 1359 ex
1182 1325 1375 1369 insperato.
1427 1336 1455 1359 c.
1485 1329 1516 1369 7,
1551 1330 1593 1361 10
1625 1338 1668 1361 eft:
1699 1328 1785 1363 alto.

225 1384 254 1407 e.
282 1376 338 1414 27,
366 1375 386 1405 6
413 1382 455 1406 ex
482 1372 639 1406 adverso.
690 1370 751 1415 45,
780 1375 834 1415 10,
860 1374 882 1404 4
908 1381 951 1405 ecc
976 1371 1134 1407 adverso.
1187 1383 1215 1406 c.
1237 1375 1293 1415 31,
1322 1376 1340 1406 7
1368 1382 1410 1407 ex
1435 1373 1582 1408 occulto.
1634 1384 1663 1408 c.
1684 1377 1740 1417 41,
1762 1378 1782 1409 8

225 1430 269 1454 ex·
293 1429 440 1454 summa.
492 1430 521 1453 c.
549 1422 604 1461 44,
635 1421 676 1452 15
703 1429 746 1453 ex
766 1419 926 1462 publico.

319 1466 381 1500 in:
421 1465 535 1509 praef.
569 1470 600 1499 3.
638 1467 680 1499 in
711 1466 870 1500 obscwro.
924 1465 957 1509 1,
990 1468 1022 1506 9,
1056 1469 1076 1499 5
1114 1466 1156 1498 in
1187 1466 1311 1500 medio.
1376 1477 1405 1501 c.
1438 1470 1494 1509 21,
1527 1471 1548 1500 3
1586 1467 1628 1501 in
1658 1468 1783 1502 medio.

225 1524 255 1549 c.
283 1517 338 1556 23,
367 1518 386 1548 6
418 1514 459 1547 in
491 1513 656 1548 medium.
709 1523 739 1546 c.
766 1516 822 1554 25,
851 1517 867 1545 1
901 1513 942 1546 in
973 1513 1138 1547 medium.
1190 1523 1219 1546 c.
1253 1516 1310 1556 32,
1343 1516 1362 1546 2
1395 1514 1437 1547 in
1461 1514 1621 1557 publico.
1672 1525 1701 1549 e.
1729 1518 1786 1558 33,

224 1565 246 1594 4
272 1562 313 1595 in
338 1564 472 1605 aperto.
524 1571 553 1594 c.
581 1564 638 1603 39,
665 1564 685 1594 3
713 1560 753 1593 in
778 1563 958 1594 secretam..
1010 1570 1040 1593 c.
1067 1563 1122 1602 51,
1157 1563 1176 1593 9
1210 1559 1251 1594 in
1276 1560 1400 1594 medio⁷
1452 1571 1480 1594 c.
1510 1564 1566 1605 57,
1599 1564 1619 1595 9
1651 1562 1693 1595 in
1717 1572 1785 1597 me-

224 1608 295 1642 dio.
347 1608 381 1648 2,
409 1611 441 1651 3,
477 1610 493 1640 1
527 1607 567 1641 in
599 1607 721 1641 dubio.
780 1617 808 1640 c.
841 1610 872 1648 5,
902 1611 914 1639 1
946 1606 985 1640 in
1007 1606 1196 1650 publicum
1224 1618 1255 1640 u.
1282 1606 1323 1640 in
1347 1610 1570 1650 perpetuum.
1605 1603 1652 1642 ὀ.
1681 1612 1712 1651 7,
1741 1612 1783 1642 11

223 1655 262 1689 in
294 1655 456 1699 planum.
516 1665 545 1689 c.
579 1657 611 1695 8,
642 1658 657 1687 1
691 1656 732 1687 in
761 1654 995 1688 contram-imm.
1047 1663 1077 1689 c,
1108 1657 1139 1695 9,
1168 1658 1187 1687 6
1220 1654 1261 1687 in
1290 1654 1486 1697 publicum.
1543 1665 1571 1688 c.
1606 1658 1659 1698 10,
1687 1658 1706 1689 7
1744 1656 1786 1690 in

223 1705 350 1736 tutum.
415 1713 444 1735 c.
481 1705 534 1744 11,
569 1705 584 1734 1
620 1702 661 1735 in
687 1702 812 1744 plano.
877 1711 906 1735 c.
943 1704 996 1742 11,
1032 1704 1075 1733 10
1107 1701 1148 1734 in
1183 1701 1309 1734 medio.
1373 1711 1403 1735 c.
1439 1705 1493 1743 14,
1528 1705 1547 1735 7
1579 1702 1621 1736 in
1657 1703 1783 1737 medio.

225 1760 253 1783 c.
295 1752 349 1792 15,
388 1753 408 1782 2
447 1748 486 1782 in
518 1753 744 1793 perpetuum.
795 1759 825 1781 c.
867 1751 920 1789 19,
960 1752 979 1781 6
1018 1748 1059 1781 in
1097 1750 1224 1781 tutum.
1285 1758 1314 1782 c.
1354 1751 1409 1792 20,
1451 1751 1493 1782 10
1538 1747 1579 1782 in
1610 1749 1784 1793 primum.

225 1808 252 1829 c.
293 1799 349 1839 22,
387 1799 406 1830 5
445 1796 485 1830 in
514 1798 739 1840 perpetuum.
801 1807 830 1830 c.
870 1798 927 1838 23,
967 1796 986 1828 8
1021 1795 1059 1828 in
1094 1794 1291 1838 publicum.
1355 1805 1384 1830 c.
1422 1797 1478 1839 31,
1505 1798 1524 1829 6
1563 1795 1604 1829 in
1642 1796 1783 1831 bonum.

226 1855 252 1877 c.
282 1847 338 1885 32,
365 1848 385 1877 9
420 1843 461 1877 in
485 1853 600 1877 unum
634 1855 666 1876 u.
700 1843 741 1876 in
766 1841 891 1876 medio.
943 1853 971 1875 e.
999 1844 1056 1884 42,
1084 1845 1104 1875 2
1137 1841 1178 1875 in
1200 1841 1396 1885 publicum.
1448 1852 1478 1876 e.
1505 1844 1562 1885 44,
1588 1845 1608 1876 2
1641 1843 1683 1876 in
1702 1853 1786 1887 per-

217 1893 379 1934 petuum.
432 1901 461 1923 c.
489 1893 544 1931 46,
573 1893 592 1924 7
619 1889 659 1923 in
682 1890 852 1933 primum.
904 1900 933 1923 c.
960 1891 1016 1930 49,
1044 1888 1077 1922 3‘
1096 1889 1139 1922 in
1162 1889 1327 1922 medium.
1380 1899 1408 1922 c.
1437 1892 1493 1932 49,
1519 1891 1540 1922 8
1566 1889 1608 1923 in
1633 1899 1784 1924 cassum.

224 1949 252 1971 c.
282 1942 338 1980 50,
366 1941 386 1972 8
418 1937 460 1971 in
491 1941 580 1971 arto.
634 1948 663 1970 e.
691 1940 748 1979 54,
776 1940 794 1970 7
828 1938 869 1971 in
898 1936 1054 1980 privato.
1107 1946 1136 1970 c.
1163 1939 1221 1978 57,
1247 1939 1266 1969 3
1300 1936 1342 1970 in
1371 1936 1496 1970 medio.
1547 1936 1582 1979 3,
1609 1938 1642 1979 8,
1671 1940 1712 1971 11
1744 1938 1786 1971 in

223 1996 348 2019 unum.
399 1995 427 2018 c.
459 1987 512 2027 10,
542 1988 583 2018 13
611 1984 651 2018 in
678 1985 827 2028 intem-0.
879 1994 908 2017 c.
938 1986 992 2025 13,
1019 1987 1038 2017 7
1067 1984 1106 2016 z'n
1131 1983 1282 2017 dubium
1308 1995 1342 2017 u.
1362 1983 1404 2017 in
1425 1983 1583 2027 publico.
1635 1994 1664 2018 c.
1688 1987 1742 2028 19,
1763 1987 1784 2018 8

223 2033 265 2066 'in
290 2031 410 2066 dubio.
463 2042 492 2065 c.
519 2034 575 2074 21,
603 2034 622 2064 2
650 2031 691 2065 in
716 2031 904 2075 reliquum.
955 2040 984 2064 c.
1012 2033 1069 2073 24,
1096 2033 1116 2063 4
1142 2030 1183 2063 in
1201 2029 1360 2073 publico.
1412 2041 1441 2064 c.
1469 2033 1525 2073 28,
1555 2034 1571 2063 1
1598 2030 1640 2064 in
1659 2041 1783 2065 unum,

225 2090 253 2113 c,
288 2081 343 2122 34,
378 2082 399 2112 4
432 2078 472 2112 in
504 2078 669 2112 medium.
721 2089 750 2111 c.
785 2082 840 2120 40,
875 2080 918 2111 10
950 2078 991 2112 in
1024 2077 1179 2111 turbido.
1232 2087 1260 2110 c.
1295 2080 1351 2119 40,
1387 2080 1427 2110 11
1460 2077 1502 2111 in
1533 2078 1782 2121 tranquillum.

225 2137 254 2160 c.
282 2129 338 2167 41,
365 2129 386 2160 8
418 2125 459 2159 in
491 2125 581 2160 bono
614 2145 656 2149 —
690 2125 731 2159 in
762 2125 915 2159 malitia.
973 2135 1001 2158 c.
1028 2126 1085 2166 43,
1119 2127 1139 2158 6
1171 2124 1214 2158 in
1243 2124 1367 2158 medio.
1425 2134 1454 2157 c.
1481 2127 1538 2166 45,
1571 2128 1591 2158 9
1624 2125 1665 2158 in
1696 2127 1784 2158 tuto.

225 2184 254 2206 o.
277 2177 332 2216 55,
358 2176 380 2206 4
405 2172 446 2206 in
466 2175 660 2216 posterum.
712 2183 742 2206 c.
763 2175 819 2214 57,
849 2175 891 2206 10
917 2172 959 2205 in
981 2171 1138 2214 publico.
1189 2181 1218 2205 c.
1240 2174 1297 2214 62,
1324 2175 1344 2205 8
1370 2171 1412 2205 in
1427 2171 1596 2214 primum.
1647 2169 1682 2214 4,
1712 2176 1742 2214 1,
1763 2175 1782 2205 5

223 2221 264 2253 in
289 2220 417 2254 «tuccius.
476 2230 504 2253 c.
532 2223 564 2261 4,
592 2223 613 2253 4
639 2220 680 2253 in
705 2222 889 2253 aeternum
922 2238 964 2242 -
998 2219 1040 2252 in
1065 2219 1284 2252 immensum.
1335 2229 1363 2252 c.
1393 2221 1450 2259 10,
1476 2221 1496 2251 6
1523 2218 1563 2251 in
1582 2218 1782 2261 publicum.

224 2277 253 2300 c.
284 2270 338 2310 13,
366 2270 383 2300 7
411 2267 452 2300 in
473 2267 647 2300 incertum
667 2269 819 2300 creatus.
870 2277 898 2299 c.
929 2268 984 2308 15,
1011 2269 1031 2300 8
1059 2265 1099 2299 in
1112 2265 1312 2309 publicum.
1365 2275 1394 2298 c.
1424 2267 1476 2308 18,
1504 2268 1524 2298 3
1553 2265 1592 2298 in
1617 2265 1783 2299 medium.

225 2324 258 2347 Ο.
285 2317 340 2357 23,
368 2317 388 2347 3
420 2314 459 2347 in
493 2314 639 2347 incerto.
692 2324 720 2347 c.
748 2316 805 2356 26,
834 2316 852 2346 7
886 2314 927 2346 in
952 2323 1036 2347 uno.
1087 2322 1117 2346 c.
1144 2314 1200 2354 34,
1228 2314 1247 2344 7
1280 2312 1319 2345 in
1345 2311 1475 2346 maius.
1527 2322 1554 2346 e.
1584 2315 1640 2355 43,
1669 2315 1710 2346 11
1743 2312 1785 2346 in

223 2371 348 2395 unum.
399 2359 433 2401 5,
461 2365 492 2403 2,
519 2364 540 2394 4
574 2361 614 2394 in
644 2364 866 2404 petpetuum.
919 2370 948 2394 c.
977 2363 1008 2401 6,
1036 2362 1056 2393 6
1088 2359 1129 2392 in
1154 2361 1348 2402 posterum.
1400 2369 1428 2392 e.
1457 2362 1488 2400 8,
1518 2362 1560 2391 12
1593 2359 1634 2393 in
1659 2359 1783 2394 medio.

224 2418 252 2442 c.
284 2411 338 2450 13,
365 2411 386 2441 4
413 2408 453 2441 in
479 2408 715 2442 contrarium.
761 2418 790 2441 e.
814 2411 868 2449 13,
895 2410 914 2441 9
942 2407 983 2441 in
1008 2417 1132 2440 unum.
1183 2416 1213 2439 c.
1238 2408 1291 2445 16,
1318 2410 1340 2438 4
1366 2405 1407 2439 in
1432 2406 1589 2449 longum.
1634 2416 1663 2440 c,
1685 2409 1742 2447 20,
1765 2410 1781 2440 1

223 2455 265 2489 in
289 2465 414 2489 unum.
466 2465 494 2488 c.
522 2458 579 2497 22,
610 2458 625 2487 1
653 2455 694 2488 in
714 2454 913 2498 publaecum.
966 2464 994 2488 e.
1016 2457 1072 2497 23,
1102 2456 1144 2487 10
1171 2453 1211 2486 in
1236 2452 1431 2495 publicam.
1483 2464 1512 2487 c.
1534 2455 1590 2495 28,
1617 2456 1637 2486 5
1664 2453 1706 2487 in
1725 2453 1782 2487 in-

224 2506 327 2536 certo.
380 2511 409 2535 e.
443 2505 500 2543 28,
533 2505 553 2536 8
592 2501 633 2535 in
670 2504 797 2536 tutum.
855 2512 883 2535 c.
918 2503 974 2544 28,
1008 2504 1027 2534 9
1067 2500 1107 2534 in
1139 2499 1265 2543 plano.
1323 2510 1351 2533 c.
1386 2503 1442 2542 43,
1475 2503 1495 2533 2
1535 2500 1576 2533 in
1613 2499 1782 2534 arduum.

225 2560 252 2583 c.
281 2552 337 2592 44,
367 2552 384 2582 1
412 2549 453 2582 in
477 2549 642 2583 medium.
695 2559 722 2582 c.
751 2551 807 2591 47,
834 2551 854 2582 3
882 2548 921 2582 in
945 2557 1132 2582 summum.
1183 2557 1212 2580 c.
1240 2550 1295 2589 47,
1323 2549 1344 2579 4
1370 2546 1410 2580 in
1435 2556 1582 2582 summo.
1633 2557 1663 2581 c.
1684 2549 1739 2589 50,
1761 2550 1781 2581 7

224 2596 265 2630 in
286 2595 446 2640 publico.
499 2606 528 2630 c.
556 2599 612 2638 52,
641 2599 659 2629 7
687 2596 728 2630 in
747 2595 919 2639 profano.
971 2605 999 2629 e.
1028 2597 1084 2635 55,
1111 2597 1133 2627 4
1159 2594 1199 2627 in
1224 2603 1347 2627 vacuo.
1399 2594 1433 2635 6,
1461 2597 1492 2636 3,
1533 2596 1553 2627 6
1591 2593 1633 2627 in
1657 2603 1782 2627 unum.

224 2654 254 2677 c.
277 2647 309 2685 6,
337 2647 379 2677 18
407 2643 447 2677 in
472 2643 637 2677 medium.
684 2653 713 2677 e.
738 2646 791 2684 12,
819 2645 838 2676 8
865 2643 907 2676 in
930 2642 1110 2684 futurum.
1156 2651 1185 2674 c.
1210 2644 1264 2683 15,
1289 2644 1329 2674 13
1356 2640 1397 2674 in
1422 2640 1587 2675 medium.
1633 2651 1661 2674 c.
1686 2643 1738 2683 19,
1763 2644 1781 2674 7

224 2691 265 2724 in
300 2690 426 2724 medio.
489 2701 518 2723 c.
558 2694 614 2731 21,
654 2694 673 2723 2
714 2690 753 2723 in
791 2692 983 2724 aeternum.
1045 2699 1073 2722 c.
1109 2691 1165 2731 25,
1205 2691 1224 2721 9
1263 2688 1304 2721 in
1341 2687 1465 2721 medio.
1525 2698 1554 2722 c.
1594 2690 1649 2730 31,
1685 2690 1703 2720 7
1742 2687 1784 2720 in

224 2737 366 2772 hostico.
430 2749 458 2771 c.
498 2740 559 2779 33,
602 2741 642 2770 12
682 2737 722 2771 in
754 2736 877 2771 medio.
919 2747 971 2770 -ο,
1011 2739 1073 2778 34,
1113 2738 1133 2768 4
1172 2734 1211 2768 in
1237 2737 1462 2778 pmpemwn.
1528 2733 1566 2776 7,
1607 2736 1643 2776 7,
1683 2736 1702 2767 6
1742 2734 1784 2768 in

224 2784 348 2818 medio.
413 2796 440 2818 e.
482 2787 514 2826 9,
554 2787 572 2818 7
611 2784 651 2818 in
683 2784 808 2819 medio.
872 2794 900 2817 e.
943 2786 996 2825 10,
1036 2786 1056 2816 6
1089 2783 1129 2815 m
1159 2781 1284 2816 medio.
1348 2792 1376 2816 c.
1419 2784 1472 2824 12,
1508 2784 1550 2814 14
1582 2781 1624 2814 in
1655 2790 1781 2815 unum.

226 2841 256 2865 c.
279 2835 333 2871 16,
355 2835 374 2865 3
402 2831 440 2865 in
466 2831 661 2874 publicum.
707 2842 736 2865 c.
760 2833 814 2872 17,
835 2834 854 2864 7
875 2830 917 2864 in
932 2830 1150 2874 promiscua
1195 2839 1224 2864 e.
1246 2831 1302 2870 23,
1324 2831 1344 2861 6
1364 2828 1405 2861 in
1424 2838 1585 2871 aequum.
1632 2837 1661 2862 e.
1683 2830 1739 2870 23,
1761 2831 1780 2861 9

228 2878 265 2910 in
292 2879 490 2912 adversum.
543 2889 572 2912 c.
598 2882 654 2920 25,
682 2882 702 2912 9
729 2878 770 2912 in
794 2888 916 2912 unum.
970 2888 999 2911 e.
1026 2880 1082 2917 26,
1110 2879 1129 2908 2
1156 2876 1197 2909 in
1222 2875 1387 2909 medium.
1438 2885 1466 2908 c.
1502 2877 1557 2917 30,
1588 2878 1603 2907 1
1632 2874 1672 2908 in
1697 2884 1782 2918 per-
