1953 3278
185 322 228 352 18

190 502 229 531 19

186 736 230 766 20

189 1207 233 1236 22

254 140 310 183 96
705 138 845 173 LIBER
872 137 1035 173 xxvm.
1087 137 1188 172 CAP.
1214 142 1269 173 42.
1296 143 1352 174 43.

1644 155 1671 173 a.
1692 156 1721 173 ιι.
1742 150 1805 175 549.

255 249 413 291 recenti
447 247 651 300 6112111910,
684 248 891 300 quantum
922 245 965 285 id
996 245 1178 299 intersit,
1211 245 1464 289 documento
1498 246 1626 289 sunt?
1672 245 1803 301 quid?

255 307 544 349 Hannibalem
588 307 730 345 utrum
778 303 952 345 tandem
1002 306 1216 345 extremus
1266 306 1445 359 angulus
1497 306 1591 361 agri
1634 305 1806 358 Bruttii,

255 368 414 408 frustra
457 365 542 405 iam
587 363 657 404 diu
701 365 951 417 poscentem
997 362 1048 403 ab
1094 362 1220 404 domo
1259 363 1434 418 auxilia,
1478 379 1532 405 an
1568 365 1807 419 propinqua

257 424 471 478 Carthago
499 426 541 463 et
566 424 660 464 tota
686 421 802 463 socia
821 421 968 463 Africa
986 421 1271 476 potentiorem
1292 423 1421 463 armis
1441 424 1626 478 virisque
1646 422 1807 465 faciet?

258 483 368 538 quod
401 481 515 523 istud
547 481 770 523 consilium
798 483 873 534 est,
905 480 965 522 ibi
992 480 1117 521 malle
1143 480 1380 534 decernere,
1411 481 1483 522 ubi
1509 484 1607 523 tuae
1633 482 1807 523 dimidio

258 542 444 582 minores
477 541 624 594 copiae
657 540 755 593 sint,
786 539 975 581 hostium
1002 539 1136 580 multo
1164 538 1357 592 maiores,
1389 554 1516 594 quam
1543 541 1616 582 ubi
1642 541 1807 582 duobus

258 600 510 641 exercitibus
556 599 757 641 adversus
802 613 935 639 unum
978 600 1045 640 tot
1087 598 1261 652 proeliis
1306 601 1348 639 et
1390 601 1478 639 tam
1522 599 1724 641 diuturna
1761 613 1809 640 ac

259 659 379 714 gravi
411 659 565 700 militia
596 658 758 699 fessum
791 657 1066 712 pugnandum
1100 657 1184 698 sit?
1218 672 1345 711 quam
1379 671 1553 711 compar
1584 657 1810 699 consilium

256 722 376 759 tuum
416 717 605 772 parentis
643 717 707 758 tui
747 716 923 758 consilio
957 717 1030 770 sit,
1067 719 1229 770 reputa.
1296 716 1370 757 ille
1409 716 1558 757 consul
1596 716 1811 770 profectus

258 777 302 817 in
333 776 604 831 Hispaniam,
635 779 682 817 ut
706 775 940 816 Hannibali
968 775 1020 816 ab
1046 775 1229 829 Alpibus
1263 775 1534 816 descendenti
1561 776 1812 828 occurreret,

258 836 301 877 in
332 835 504 877 Italiam
537 849 586 875 ex
618 834 835 888 provincia
866 834 1006 874 rediit:
1039 837 1099 886 tu,
1132 848 1226 874 cum
1258 833 1477 875 Hannibal
1510 834 1555 875 in
1587 833 1713 874 Italia
1745 833 1812 887 sit,

257 895 495 949 relinquere
527 893 699 934 Italiam
730 907 878 947 paras,
916 907 1003 933 non
1042 892 1141 946 quia
1172 893 1233 933 rei
1271 893 1465 946 publicae
1505 893 1547 934 id
1579 892 1702 946 utile,
1741 892 1812 933 sed

259 954 360 1009 quia
397 953 477 994 tibi
516 953 704 1006 amplum
743 954 786 992 et
824 951 1058 1005 gloriosum
1097 964 1243 992 censes
1282 965 1391 1005 esse,
1435 952 1545 993 sicut
1582 966 1677 993 cum
1717 965 1812 1005 pro·

257 1013 398 1054 vincia
430 1015 472 1053 et
504 1011 690 1052 exercitu
721 1011 869 1052 relicto
902 1009 992 1051 sine
1019 1009 1125 1064 lege,
1158 1009 1250 1050 sine
1277 1012 1447 1051 senatus
1474 1011 1681 1064 consulto,
1714 1010 1812 1051 dua—

257 1073 338 1113 bus
371 1071 564 1124 navibus‚
596 1070 745 1124 populi
776 1069 962 1110 Romani
994 1068 1245 1122 imperator,
1277 1068 1494 1109 fortunam
1526 1069 1738 1122 publicam
1772 1071 1814 1110 et

259 1131 528 1173 maiestatem
566 1128 751 1183 imperii,
796 1142 902 1182 quae
940 1130 1032 1168 tum
1069 1127 1114 1167 in
1152 1129 1225 1168 tuo
1264 1127 1404 1181 capite
1447 1127 1813 1181 periclitabantur,

263 1189 528 1232 commisisti.
590 1202 669 1243 ego
702 1188 746 1229 P.
780 1185 1024 1228 Cornelium
1056 1186 1117 1227 rei
1148 1186 1342 1240 publicae
1374 1186 1582 1240 nobisque
1613 1200 1700 1228 non
1733 1185 1815 1227 sibi

261 1249 345 1303 ipsi
364 1248 566 1303 privatim
592 1249 782 1288 creatum
803 1246 1024 1288 consulem
1050 1244 1260 1299 existimo,
1289 1245 1579 1299 exercitusque
1601 1245 1654 1286 ad
1673 1246 1815 1286 custo-

262 1308 374 1349 diam
406 1308 523 1348 urbis
557 1309 683 1360 atque
714 1305 867 1347 Italiae
906 1304 1088 1358 scriptos
1127 1318 1237 1358 esse,
1274 1319 1361 1345 non
1399 1319 1505 1359 quos
1546 1303 1664 1358 regio
1698 1317 1815 1345 more

261 1381 334 1421 per
367 1366 610 1421 superbiam
644 1365 851 1418 consules,
883 1378 965 1418 quo
998 1365 1206 1404 terrarum
1238 1363 1381 1417 velint,
1412 1362 1652 1405 traiciant.“

379 1424 486 1467 Cum
519 1424 710 1466 oratione
738 1423 788 1464 ad
813 1426 981 1477 tempus
1008 1424 1159 1477 parata
1185 1421 1344 1463 Fabius
1371 1425 1463 1463 tum
1490 1422 1746 1463 auctoritate
1773 1423 1816 1462 et

260 1485 496 1527 inveterata
521 1483 770 1538 prudentiae
797 1482 913 1524 fama
939 1495 1142 1537 magnam
1168 1484 1334 1535 partem
1362 1484 1535 1523 senatus
1562 1483 1604 1522 et
1625 1480 1815 1522 seniores

309 1636 465 1680 exemplo
492 1656 534 1660 ——
561 1636 769 1670 documento
796 1634 898 1679 sunt]
926 1633 999 1678 vgl.

263 1695 293 1719 0.
314 1687 370 1726 42,
394 1688 410 1717 1
434 1684 574 1728 z'nsz'yne
598 1683 796 1726 exemptum
827 1701 865 1706 —
893 1681 1001 1715 docu-

261 1734 388 1766 mento.

313 1783 365 1813 19.
405 1777 604 1822 decernere]
661 1776 760 1819 „den
809 1774 1004 1810 Entschei-

262 1824 515 1869 dungskampf
536 1824 708 1866 liefern“;
735 1823 808 1868 vgl.
831 1834 859 1859 c.
884 1826 937 1866 14,
962 1826 1002 1856 12

1075 1632 1192 1677 zeigte
1207 1632 1285 1667 sich
1306 1632 1342 1666 in
1362 1631 1482 1667 dieser
1494 1631 1708 1676 Beziehung
1723 1631 1817 1665 auch

1075 1680 1141 1723 29,
1170 1683 1211 1714 19
1239 1679 1525 1724 eigenmaehtig.

1110 1739 1152 1773 in
1159 1742 1219 1772 tuo
1228 1740 1344 1782 capite
1351 1737 1674 1782 periclitabantur]
1684 1736 1817 1780 „stand

1076 1786 1115 1820 in
1141 1785 1266 1820 deiner
1290 1784 1426 1819 Person
1459 1784 1522 1819 auf
1549 1785 1633 1819 dem
1661 1784 1818 1828 Spiele.“

1074 1833 1282 1877 periclitari
1318 1833 1420 1866 sonst
1451 1832 1520 1866 mit
1551 1832 1634 1866 dem
1673 1830 1819 1866 blossen

262 1874 446 1907 decernere
461 1872 656 1916 proelium3
684 1873 788 1906 sonst
805 1871 914 1913 ferro,
935 1880 1004 1904 cer-

264 1921 398 1954 tamine
423 1920 617 1954 decernere.

311 1970 461 2002 20-22,
489 1965 525 2000 C.
548 1964 738 2001 Schluss.
775 1964 1006 1999 Parallele

265 2013 488 2048 zwischen
533 2013 628 2047 dem
669 2012 808 2047 Vater
854 2011 1006 2055 Scipio

265 2061 351 2095 und
383 2062 478 2095 dem
515 2060 670 2095 Sohne.
724 2059 834 2094 Jener
865 2058 1007 2103 opferte

268 2107 347 2142 sich
385 2108 469 2142 dem
509 2106 732 2142 Staatswohl
771 2106 849 2149 auf,
889 2105 1009 2140 dieser

268 2155 384 2190 denkt
402 2167 470 2188 nur
490 2165 536 2188 an
563 2154 688 2189 seinen
712 2154 866 2198 eigenen
886 2152 1009 2187 Ruhm

267 2203 341 2237 und
367 2202 520 2237 Nutzen.

316 2254 371 2284 20.
410 2261 517 2294 quam
555 2248 717 2293 compar]
763 2247 832 2282 mit
869 2246 1005 2281 Ironie:

270 2297 362 2342 „wie
388 2297 509 2341 wenig
541 2295 697 2341 gleich.“
748 2294 815 2329 Die
844 2295 1008 2329 Verstar-

267 2345 370 2388 kung
408 2355 479 2378 von
513 2355 587 2387 par
621 2360 665 2370 =
697 2353 842 2386 compar
879 2342 1012 2385 gehort

270 2394 373 2426 sonst
398 2391 501 2425 nicht
526 2391 591 2424 der
615 2389 730 2424 Prosa
755 2401 819 2432 an3
845 2389 906 2423 bei
931 2388 1009 2423 Liv.

269 2438 304 2482 1,
331 2442 364 2481 9,
391 2442 410 2472 5
437 2449 582 2481 compar
607 2438 809 2472 conubium..
853 2436 886 2478 S,
908 2440 939 2478 6,
969 2439 1010 2469 15

268 2486 410 2520 tribuni
434 2485 594 2519 tribunis
618 2494 808 2528 compares.
857 2482 916 2524 ⁶33,
938 2486 969 2524 6,
991 2485 1010 2517 8

269 2534 378 2567 nimis
399 2543 544 2576 compar
559 2531 779 2566 Latirzorzmz
800 2531 1010 2574 postulatio.

270 2580 304 2623 5,
332 2583 387 2623 52,
415 2583 446 2614 3.

317 2631 373 2661 21.
407 2628 484 2661 sine
516 2627 605 2671 1090,
642 2627 719 2661 sine
752 2629 897 2660 senatus
928 2635 1010 2659 con-

270 2674 383 2719 sulto]
416 2675 510 2708 ohne
536 2673 595 2708 die
622 2672 819 2707 Erlaubnis
847 2672 911 2706 der
937 2671 1013 2706 bei-

275 2721 345 2756 den
363 2721 680 2766 gesetzgebenden
701 2718 1014 2764 Ko'rperschaften

271 2769 372 2813 (leye)
413 2768 500 2803 oder
538 2768 760 2813 wenigstens
804 2768 869 2801 der
907 2766 1014 2800 einen

275 2817 434 2859 (senatus
457 2816 642 2858 consulto),
669 2814 808 2849 welche
835 2813 1014 2848 erforder-

273 2862 348 2896 lich
375 2874 468 2906 war,
501 2874 607 2897 wenn
639 2862 792 2897 Beamte
824 2861 903 2895 ihre
929 2860 1014 2894 Pro-

273 2908 402 2944 vinzen
427 2910 625 2944 ‘verlassen
667 2908 827 2957 wollteq.
892 2907 1014 2952 Scipio

1078 1879 1230 1915 Ablativ
1250 1896 1294 1908 =
1318 1879 1388 1913 mit
1413 1879 1513 1913 einer
1539 1878 1656 1913 Sache
1683 1877 1821 1914 Gefahr

1078 1927 1219 1968 lausen3
1240 1927 1314 1972 vgl.
1335 1926 1396 1970 29,
1418 1930 1449 1968 7,
1469 1930 1489 1960 2
1510 1937 1554 1960 ne
1568 1926 1755 1971 praesidio
1775 1944 1819 1950 --

1073 1975 1356 2019 periclitaretur.
1406 1972 1473 2017 40,
1509 1977 1569 2017 15,
1605 1977 1646 2007 12
1681 1973 1822 2017 inssenii

1079 2022 1181 2065 fama
1207 2022 1446 2065 periclitarer.
1491 2020 1558 2064 38,
1591 2024 1652 2063 25,
1680 2024 1698 2054 7
1732 2019 1821 2054 oder

1078 2069 1285 2113 periclitari
1309 2069 1451 2113 aliquid
1472 2084 1515 2097 =
1540 2068 1606 2102 auf
1622 2067 1681 2102 die
1703 2067 1819 2101 Probe

1083 2116 1226 2151 stellen.
1255 2116 1290 2159 6,
1320 2119 1371 2157 15,
1403 2120 1417 2148 1
1441 2116 1670 2160 periclitatus
1695 2114 1820 2148 volun-

1082 2167 1172 2199 tates
1197 2164 1389 2197 hominum.

1127 2226 1182 2256 22.
1209 2222 1306 2266 reyio
1331 2220 1441 2265 more]
1470 2220 1530 2264 „in
1554 2219 1820 2264 despotischer,

1079 2269 1347 2303 willkfirlicher
1366 2267 1468 2301 Art.“
1501 2266 1629 2301 Dieses
1649 2267 1822 2311 Hinweg-

1083 2318 1206 2351 setzen
1252 2315 1340 2349 tiber
1384 2315 1442 2349 die
1489 2313 1716 2348 heimischen
1753 2312 1822 2348 Ge-

1081 2362 1242 2397 brauche
1276 2362 1367 2396 wird
1398 2361 1458 2395 bei
1489 2361 1611 2405 Scipio
1643 2361 1738 2395 auch
1762 2360 1822 2403 29,

1087 2414 1147 2453 19,
1180 2413 1202 2443 4
1235 2410 1386 2454 geriigt:
1423 2412 1603 2443 eoeterrzo
1634 2411 1671 2443 et
1701 2408 1823 2452 reyio

1084 2468 1178 2492 more
1202 2461 1234 2491 et
1259 2457 1444 2501 indulyere
1476 2456 1640 2490 licentiae
1667 2455 1823 2490 militum

1085 2508 1116 2539 et
1140 2505 1276 2539 saer-ire
1300 2505 1341 2538 in
1366 2514 1432 2538 cOS.

1133 2574 1167 2598 0.
1201 2562 1249 2597 43
1264 2583 1303 2587 -
1318 2561 1378 2598 44.
1436 2560 1697 2606 Gegenrede
1748 2560 1823 2594 des

1087 2610 1250 2656 Scipio.
1283 2609 1342 2644 816
1363 2608 1509 2644 zei-faut
1528 2609 1564 2643 in
1586 2608 1693 2642 einen
1711 2617 1823 2651 nega-

1085 2658 1198 2702 tiven,
1218 2657 1488 2692 abwehrenden
1509 2655 1590 2690 Teil
1610 2656 1653 2699 (c.
1670 2656 1729 2698 43)
1750 2654 1822 2688 und

1088 2705 1192 2740 einen
1205 2704 1401 2750 positiven,
1410 2702 1687 2738 verheissenden
1699 2703 1741 2745 (c.
1752 2703 1824 2745 44).

1136 2768 1165 2799 1.
1209 2765 1410 2798 inveterata
1446 2762 1665 2807 prudentiae
1706 2760 1822 2805 fama]

1088 2810 1227 2856 „durch
1253 2811 1323 2845 den
1343 2810 1454 2852 alten,
1481 2807 1733 2843 anerkannten
1752 2807 1829 2841 Ruf

1088 2858 1205 2893 seiner
1239 2856 1442 2892 Einsicht.“
1498 2857 1716 2890 inveteratus
1759 2866 1827 2888 nur

1087 2905 1182 2940 noch
1221 2905 1286 2948 42,
1321 2907 1380 2946 11,
1413 2907 1432 2937 6
1465 2903 1626 2937 animum
1661 2913 1731 2937 esse
1767 2903 1825 2936 in-
