1953 3278
113 160 138 178 a.
161 153 212 178 Ch.
235 153 297 178 205.

609 140 749 175 LIBER
775 141 937 177 XXVIII.
983 141 1084 176 CAP.
1112 145 1166 176 4⁶2.

1605 143 1661 184 95

112 250 213 306 quid
245 263 391 304 porro,
430 249 463 289 si
503 250 608 290 satis
647 249 794 291 confisi
826 248 1204 304 Carthaginienses
1237 263 1443 291 consensu
1476 249 1659 303 Africae,
1690 261 1732 290 12

111 309 192 350 fide
225 309 434 350 sociorum
467 321 628 362 regum,
661 308 885 349 moenibus
918 309 1020 362 suis,
1052 323 1147 350 cum
1178 312 1253 350 tuo
1281 309 1572 363 exercitusque
1597 310 1659 350 tui

111 367 323 422 praesidio
349 365 553 407 nudatam
581 366 750 408 Italiam
776 367 969 419 viderint,
1001 367 1113 408 ultro
1139 368 1220 421 ipsi
1247 382 1404 409 novum
1431 368 1660 409 exercitum

110 427 154 467 in
198 425 370 467 Italiam
414 428 486 466 aut
531 440 580 466 ex
618 425 763 466 Africa
806 426 1016 479 miserint,
1063 429 1137 466 aut
1180 425 1425 481 Magonem,
1469 440 1593 481 quem
1636 441 1660 468 a
1690 438 1732 466 13

110 483 354 526 Baliaribus
387 484 523 525 classe
554 484 807 525 transmissa
839 484 922 524 iam
954 486 1126 537 praeter
1157 498 1276 525 oram
1308 484 1512 539 Ligurum
1539 485 1659 539 Alpi-

109 557 262 585 norum
307 543 463 584 vectari
508 544 694 595 constat,
743 541 977 582 Hannibali
1028 556 1071 582 se
1122 543 1379 598 coniungere
1429 544 1660 585 iusserint?

108 616 261 656 nempe
299 602 344 643 in
383 601 531 642 eodem
568 603 727 642 terrore
765 601 940 653 erimus,
977 601 1022 641 in
1061 615 1144 655 quo
1181 615 1317 655 nuper
1353 601 1526 654 fuimus,
1565 617 1660 644 eum
1689 614 1727 643 1⁴

111 660 359 702 Hasdrubal
398 661 442 701 in
479 659 648 700 Italiam
687 658 971 712 transcendit,
1009 673 1132 712 quem
1169 662 1234 712 tu,
1278 660 1349 714 qui
1392 674 1480 702 non
1524 662 1660 703 solum

113 718 418 774 Carthaginem
451 717 524 758 sed
557 731 724 759 omnem
750 716 942 758 Africam
975 718 1160 759 exercitu
1192 721 1266 760 tuo
1299 733 1343 760 es
1376 719 1607 773 clausurus,
1639 735 1660 761 e

114 779 310 819 manibus
341 777 426 818 tuis
457 777 500 817 in
531 775 702 817 Italiam
735 776 925 817 emisisti.

986 777 1145 818 victum
1179 792 1203 818 a
1234 780 1276 818 te
1315 777 1444 819 dices:
1483 792 1531 820 eo
1571 780 1660 834 qui·

113 836 208 877 dem
239 837 381 877 minus
413 835 583 887 vellem,
621 837 663 875 et
694 835 736 876 id
768 837 860 889 tua,
897 849 984 877 non
1021 836 1082 876 rei
1114 836 1309 890 publicae
1349 837 1487 878 solum
1519 851 1661 891 eausa,

111 895 192 935 iter
223 894 370 936 datum
396 894 509 935 vieto
540 894 584 934 in
611 893 783 934 Italiam
815 908 918 935 esse.
968 897 1112 948 patere
1138 909 1215 936 nos
1243 896 1398 948 omnia,
1430 911 1537 951 quae
1562 911 1659 951 pro-

112 967 238 1007 spera
267 953 347 994 tibi
381 966 430 994 ac
462 952 609 1007 populi
641 952 825 994 Romani
856 953 1036 1007 imperio
1064 967 1252 1008 evenere,
1283 940 1357 996 nst)
1384 956 1561 997 consilio
1589 957 1659 997 ad-

111 1012 300 1066 signare,
345 1011 522 1053 adversa
560 1011 728 1053 casibus
766 1012 940 1054 incertis
983 1012 1085 1053 belli
1123 1016 1165 1054 et
1206 1014 1403 1055 fortunae
1448 1014 1659 1070 delegare:

110 1084 194 1125 quo
226 1071 377 1112 melior
408 1071 641 1124 fortiorque
668 1085 723 1124 es,
755 1084 804 1112 eo
830 1072 968 1126 magis
995 1072 1123 1112 talem
1149 1072 1387 1126 praesidem
1414 1073 1495 1114 sibi
1522 1075 1662 1128 patria
1691 1085 1731 1115 15

111 1132 239 1184 atque
270 1130 470 1170 universa
500 1129 628 1170 Italia
658 1130 822 1171 retinet.

883 1144 971 1171 non
1002 1133 1124 1184 potes
1161 1145 1214 1172 ne
1245 1131 1336 1186 ipse
1375 1132 1545 1186 quidem
1577 1133 1659 1174 dis-

111 1188 324 1242 simulare,
355 1188 429 1229 ubi
461 1187 679 1229 Hannibal
714 1189 785 1242 sit,
820 1189 879 1229 ibi
911 1192 1038 1243 caput
1070 1192 1196 1244 atque
1229 1204 1367 1231 arcem
1399 1191 1524 1232 huius
1557 1192 1659 1233 belli

109 1261 219 1299 esse,
259 1248 414 1301 quippe
447 1247 518 1301 qui
549 1262 652 1301 prae
683 1250 725 1288 te
756 1247 869 1288 feras
908 1262 1001 1289 eam
1038 1249 1118 1290 tibi
1156 1263 1328 1290 causam
1360 1250 1583 1291 traiciendi
1615 1251 1659 1292 in

108 1305 301 1346 Africam
340 1319 448 1359 esse,
489 1309 538 1347 ut
569 1305 855 1347 Hannibalem
893 1321 943 1348 eo
981 1306 1143 1349 trahas:
1184 1308 1270 1349 sive
1307 1308 1539 1364 hic.igitur
1572 1310 1658 1351 sive

107 1364 208 1418 illic,
240 1379 334 1405 cum
367 1364 608 1406 Hannibale
648 1368 713 1406 est
743 1365 823 1406 tibi
861 1364 1003 1406 futura
1033 1380 1112 1408 res.

1172 1370 1316 1408 utrum
1347 1368 1522 1409 tandem
1555 1382 1657 1424 ergo

105 1422 268 1464 firmior
300 1423 382 1464 eris
413 1424 458 1465 in
488 1423 635 1465 Africa
667 1425 800 1477 solus,
840 1438 895 1465 an
924 1424 994 1466 hic
1025 1427 1100 1466 tuo
1133 1426 1417 1481 conlegaeque
1450 1428 1512 1468 tui
1546 1443 1659 1469 exer-

107 1482 194 1523 citu
235 1482 492 1524 coniuncto?
553 1496 607 1523 ne
640 1481 841 1525 Claudius
880 1482 1050 1537 quidem
1088 1486 1131 1524 et
1160 1483 1308 1526 Livius
1342 1487 1537 1527 consules
1569 1490 1658 1528 tam

154 1635 208 1666 12.
258 1633 293 1677 4)
329 1643 456 1678 wegen
493 1633 742 1679 Entblossung
779 1634 844 1669 der

106 1679 259 1724 eigenen
293 1678 451 1723 Lander,
484 1680 542 1714 die
576 1681 674 1715 dann
705 1680 844 1716 wieder

105 1725 212 1761 einen
245 1726 471 1762 feindlichen
503 1727 641 1762 Einfall
671 1728 843 1763 fiirchten

103 1776 250 1808 miissen
277 1776 309 1815 (ξ
339 1775 500 1818 12—15).

154 1823 208 1854 13.
240 1821 313 1855 iam
343 1824 486 1864 praeter
517 1833 618 1856 oram
645 1822 841 1868 Liyurum]

104 1866 164 1902 die
189 1868 428 1912 Ausffihrung
456 1868 575 1903 dieses
600 1868 750 1911 Planes,
783 1869 841 1904 die

106 1915 183 1949 erst
208 1925 237 1948 c.
251 1918 308 1957 46,
323 1918 342 1948 7
357 1914 392 1949 ff.
415 1916 557 1950 erzahlt
575 1916 678 1959 wird,
704 1916 842 1951 konnte

104 1961 246 1996 damals
266 1961 464 1997 hochstens
479 1965 663 1998 vermutet
675 1964 841 2007 werden;

103 2011 201 2043 ware
237 2012 376 2043 constat
414 2009 640 2054 berechtigt,
684 2021 724 2045 so
761 2022 842 2045 ver-

105 2055 229 2089 diente
273 2056 338 2090 das
378 2056 585 2101 Argument
621 2056 696 2092 viel
738 2059 843 2092 mehr

103 2101 330 2147 Beachtung.

151 2149 299 2195 vectari]
322 2150 386 2184 das
406 2151 672 2195 Frequentativ
691 2164 754 2186 zur
772 2152 841 2188 Β6-

104 2196 308 2241 zeichnung
327 2197 392 2232 der
410 2198 666 2243 geschaftigen
686 2199 841 2244 Thatig-

103 2241 197 2283 keit.
234 2244 304 2278 mit
341 2244 406 2279 der
440 2256 479 2279 er
516 2257 578 2279 zur
609 2247 844 2292 Ausrfistung

104 2288 168 2323 (les
187 2289 323 2325 Heeres
342 2303 426 2327 von
447 2292 526 2327 Ort
551 2304 601 2327 zu
621 2292 700 2328 Ort
724 2294 841 2335 fahrt3

103 2336 176 2380 vgl.
205 2336 270 2379 21,
298 2340 359 2381 63,
385 2343 407 2372 4
431 2340 480 2374 ad
507 2340 650 2382 fructus
675 2352 718 2375 eoe
743 2342 842 2386 agris

102 2384 302 2418 vectandos.

153 2434 206 2464 14.
228 2441 245 2464 e
262 2432 431 2466 manibus
445 2452 487 2456 ——
501 2434 665 2480 emisisti]
680 2435 770 2469 fiber
782 2435 841 2469 die

103 2476 172 2511 mit
200 2488 242 2511 ex
274 2483 671 2524 zusammengesetzten
695 2481 842 2516 Verben

103 2524 178 2569 vgl.
206 2535 234 2559 e.
256 2527 295 2567 8,
321 2529 341 2559 3
367 2536 385 2559 e
408 2527 576 2561 manibus
601 2547 645 2552 —
670 2529 839 2573 elapsum.

153 2575 206 2605 15.
252 2573 285 2612 5)
318 2572 400 2606 weil
436 2573 501 2607 das
533 2573 735 2609 Vaterland
770 2576 840 2610 den

102 2617 234 2653 besten
264 2619 466 2653 Feldherrn
502 2619 606 2655 nicht
639 2621 840 2656 entbehren

102 2664 202 2699 kann
229 2667 262 2709 (ἓ
285 2668 464 2710 15-16);
492 2668 527 2711 6)
552 2667 637 2702 weil
656 2668 842 2703 Hannibal

102 2711 141 2745 in
171 2712 303 2747 Afrika
333 2713 405 2748 viel
444 2714 626 2749 schwerer
661 2726 704 2748 zu
736 2715 840 2749 fiber—

103 2758 248 2793 winden
272 2760 323 2794 ist
348 2763 380 2802 (g
410 2762 574 2805 17—20).

150 2809 212 2841 tuo
231 2807 381 2842 consilio
395 2808 605 2854 adsignare]
621 2807 690 2843 mit
703 2808 843 2854 grosse-r

103 2851 303 2888 Bitterkeit
327 2858 470 2899 gesagt,
492 2855 560 2889 wie
582 2856 676 2890 auch
695 2860 841 2900 patere3

103 2899 143 2933 in
174 2899 370 2935 Wahrheit
408 2902 571 2937 schreibt
602 2902 738 2938 Fabius
774 2915 842 2938 nur

916 1635 998 1669 dem
1026 1634 1166 1670 Gh'icke
1192 1636 1262 1670 den
1289 1636 1437 1683 Erfolg,
1464 1637 1524 1672 die
1549 1637 1659 1672 Fehl-

915 1682 1064 1727 schl'age
1093 1683 1157 1717 der
1182 1682 1342 1728 Leitung
1369 1684 1510 1729 Scipios
1535 1697 1587 1719 zu.

961 1742 1132 1783 fortunae
1163 1742 1338 1788 cleleyare]
1365 1743 1433 1778 mit
1464 1743 1658 1779 beabsich-

914 1787 1047 1833 tigtem
1057 1788 1404 1834 Gleiehklangnach
1416 1790 1499 1826 dem
1508 1791 1656 1826 1011161·-

914 1836 1108 1881 gehenden
1127 1837 1338 1880 adsignare,
1359 1837 1434 1882 vgl.
1456 1838 1514 1880 21,
1535 1842 1592 1881 46,
1614 1842 1658 1873 10

915 1884 1022 1917 decus
1047 1884 1096 1917 αᾱ
1120 1894 1257 1918 servum
1283 1885 1430 1929 deleyat.
1475 1885 1535 1927 10,
1559 1889 1613 1929 19,
1634 1891 1654 1920 3

915 1931 968 1964 rei
1006 1931 1090 1965 bene
1127 1934 1244 1976 gestae
1275 1952 1318 1956 —
1354 1933 1460 1967 decus
1491 1953 1535 1957 —
1567 1933 1657 1968 dele-

914 1980 1049 2022 yatum.

964 2039 1017 2071 16.
1057 2039 1168 2080 eaput
1205 2040 1310 2081 atque
1349 2039 1481 2084 arcem]
1521 2039 1657 2081 „Seele

914 2083 990 2117 und
1020 2083 1121 2118 Herd
1154 2083 1218 2118 des
1250 2084 1445 2129 Krieges“;
1486 2086 1555 2121 mit
1586 2098 1657 2121 ara:

914 2130 1127 2165 verbunden
1150 2141 1224 2165 von
1257 2131 1360 2166 einer
1390 2132 1548 2174 Person,
1580 2133 1654 2179 vgl.

915 2177 948 2212 d.
976 2177 1069 2211 Anh.
1090 2189 1123 2213 u.
1152 2189 1179 2212 c.
1207 2182 1262 2222 35,
1291 2183 1333 2213 12
1360 2184 1470 2224 eaput
1495 2191 1624 2216 rerum.

963 2240 1017 2270 17.
1045 2241 1096 2271 est
1119 2237 1187 2271 tibi
1211 2238 1342 2280 futura
1366 2239 1436 2284 res]
1459 2239 1585 2281 „wirst
1605 2240 1654 2273 du

915 2293 953 2317 es
979 2295 1022 2317 zu
1048 2283 1208 2318 sehaffen
1234 2284 1391 2329 haben“,
1423 2287 1651 2321 namentlich

916 2331 969 2365 oft
992 2341 1065 2365 von
1099 2331 1387 2376 kriegerischem
1421 2333 1654 2368 Zusammen-

913 2377 1061 2419 treffen;
1098 2379 1174 2422 vgl.
1200 2378 1264 2421 22,
1301 2383 1359 2423 12,
1386 2384 1406 2415 5
1443 2382 1538 2425 quod
1574 2392 1655 2416 cum

913 2425 1002 2459 duce
1027 2446 1070 2449 —
1101 2427 1231 2468 futura
1262 2428 1333 2461 siba·
1362 2439 1418 2462 res
1447 2432 1541 2463 esset.
1593 2427 1654 2470 ⁶21,

912 2475 970 2514 44,
997 2475 1017 2506 6
1043 2484 1086 2507 ne
1111 2474 1200 2517 quid
1223 2475 1277 2508 rei
1301 2475 1371 2509 tibi
1392 2476 1448 2510 sit.
1477 2476 1535 2518 27,
1557 2480 1612 2519 14,
1635 2479 1652 2509 1

912 2529 993 2553 cum
1023 2530 1061 2554 eo
1088 2541 1130 2545 —
1157 2521 1253 2556 hoste
1283 2532 1338 2556 res
1363 2526 1422 2556 est.
1467 2522 1504 2564 7,
1531 2527 1593 2565 35,
1621 2526 1653 2556 5.

912 2566 946 2606 9,
975 2570 1029 2607 17,
1058 2570 1100 2602 16
1126 2578 1200 2602 ‘non
1229 2579 1306 2602 cum
1331 2569 1455 2603 Dareo
1487 2580 1557 2603 rem
1583 2580 1655 2603 esse

911 2613 1070 2648 dixisset.

959 2675 1080 2705 utrum
1108 2673 1251 2707 tandem
1279 2674 1376 2719 erqo]
1403 2686 1466 2708 zur
1485 2674 1653 2708 Verstar-

914 2717 1017 2761 kung
1043 2718 1107 2752 der
1131 2719 1378 2764 Doppelsrage
1410 2721 1479 2754 mit
1509 2721 1654 2755 tandem

914 2763 1024 2807 vg1.§
1042 2768 1101 2806 18³
1128 2765 1209 2808 4,3,
1227 2770 1279 2800 16.
1306 2766 1340 2810 5,
1359 2772 1390 2810 6,
1407 2771 1436 2802 τ.
1464 2767 1652 2810 22,14,12

914 2822 947 2845 11.
965 2814 1015 2853 ὃ.;
1041 2811 1100 2846 die
1112 2812 1352 2858 Verbindung
1377 2815 1441 2848 der
1459 2815 1653 2860 logischen

914 2856 1123 2904 Folgerung
1147 2871 1229 2904 erqo
1254 2861 1323 2895 mit
1343 2862 1443 2896 einer
1460 2861 1578 2907 Frage
1603 2862 1654 2896 ist

913 2904 974 2938 bei
999 2905 1077 2940 Liv.
1105 2912 1207 2942 sonst
1231 2907 1335 2942 nicht
1358 2908 1495 2944 fiblich.

1690 793 1701 820 1
1711 802 1735 821 0-

1688 1322 1732 1351 1ῖ
