1953 3278
174 153 198 172 a.
221 146 271 171 Ch.
292 145 351 170 207.
679 133 821 168 LIBER
846 132 1011 168 XXVIII.
1064 132 1166 168 CAP.
1194 137 1226 168 3.
1706 131 1728 171 7

177 244 277 285 data
303 242 405 283 urbe
438 241 482 282 in
514 241 591 282 tris
625 241 759 295 partis
788 241 1017 282 exercitum
1049 240 1213 292 dividit,
1247 243 1291 280 ut
1320 254 1403 280 una
1432 253 1597 293 semper
1630 254 1728 293 pars

177 301 331 356 quietis
375 300 546 341 interim
585 299 747 340 duabus
786 303 1064 354 oppugnaret.
1132 300 1272 352 prima
1310 313 1405 352 pars
1447 312 1543 339 cum
1581 298 1731 340 adorta
1757 312 1776 340 6

178 372 429 413 oppugnare
456 361 533 412 est,
566 360 687 400 atrox
720 372 822 399 sane
849 360 892 399 et
916 372 1070 411 anceps
1098 357 1307 410 proelium
1335 356 1432 397 fuit:
1465 371 1553 398 non
1578 357 1731 411 subire,

176 431 263 460 non
295 417 430 459 scalas
468 416 578 458 ferre
610 417 662 458 ad
695 431 838 457 muros
878 430 978 469 prae
1017 415 1302 457 incidentibus
1335 415 1430 456 telis
1465 415 1591 457 facile
1623 417 1730 469 erat3

178 476 307 517 etiam
341 476 412 530 qui
445 478 668 517 erexerant
701 475 751 516 ad
785 489 953 515 murum
985 474 1133 526 scalas,
1166 473 1236 514 alii
1269 473 1398 514 furcis
1432 474 1484 514 ad
1516 474 1558 514 id
1591 474 1729 528 ipsum
1758 486 1776 516 7

177 535 303 576 factis
337 534 681 587 detrudebantur,
713 534 757 574 in
790 532 896 573 alios
930 532 1020 585 lupi
1053 545 1233 585 superne
1266 531 1392 572 ferrei
1425 532 1580 585 iniecti,
1615 535 1661 573 ut
1687 533 1731 573 in

175 593 366 648 periculo
406 596 565 644 essent,
604 606 655 633 ne
694 590 889 644 suspensi
927 590 972 630 in
1011 604 1178 630 murum
1218 590 1554 630 extraherentur.
1618 590 1731 644 quod
1757 602 1777 633 8

176 652 249 693 ubi
288 651 592 692 animadvertit
624 649 784 703 Scipio,
821 648 955 689 nimia
986 648 1202 702 paucitate
1244 662 1416 689 suorum
1449 653 1731 703 exaequatum

176 713 393 752 certamen
434 724 542 762 esse,
586 711 627 749 et
670 708 756 749 iam
802 721 851 749 eo
896 721 1094 761 superare
1138 707 1325 761 hostem,
1370 707 1482 760 quod
1521 722 1570 748 ex
1610 722 1731 749 muro

176 771 404 824 pugnaret,
449 767 610 808 duabus
649 767 774 808 simul
811 765 1026 820 partibus,
1069 766 1210 819 prima
1248 768 1436 819 recepta,
1480 765 1628 807 urbem
1668 768 1734 807 est

177 827 414 881 adgressus.
475 840 582 880 quae
628 840 694 866 res
740 827 908 866 tantum
951 824 1123 878 pavoris
1169 824 1312 865 iniecit
1350 823 1472 865 fessis
1512 824 1597 865 iam
1637 839 1732 866 cum
1761 840 1780 870 9

175 886 325 940 primis
382 884 634 939 pugnando,
691 886 738 924 ut
787 887 830 925 et
879 882 1083 937 oppidani
1133 883 1301 924 moenia
1351 883 1575 936 repentina
1630 883 1733 937 fuga

176 943 430 996 desererent,
457 945 500 984 et
523 943 732 984 Punicum
759 942 1017 996 praesidium
1044 944 1172 994 metu,
1205 956 1257 983 ne
1285 942 1453 995 prodita
1480 942 1581 983 urbs
1608 945 1732 994 esset,

174 1002 334 1044 relictis
374 1002 628 1043 stationibus
666 1002 711 1042 in
743 1016 873 1042 unum
911 1001 1051 1042 locum
1090 1015 1133 1042 se
1174 1001 1405 1055 colligeret.
1467 1000 1595 1041 timor
1634 1000 1732 1042 inde
1763 1015 1804 1046 10

175 1061 413 1115 oppidanos
434 1061 618 1114 incessit,
638 1075 702 1114 ne,
729 1060 763 1101 si
783 1059 921 1101 hostis
942 1059 1090 1100 urbem
1116 1059 1330 1113 intrasset,
1357 1059 1448 1100 sine
1476 1059 1730 1112 discrimine,

175 1119 341 1161 Poenus
382 1134 435 1161 an
468 1119 689 1173 Hispanus
722 1121 851 1172 esset,
892 1117 1008 1159 obvii
1047 1119 1208 1172 passim
1249 1118 1544 1171 caederentur,
1585 1118 1730 1172 itaque
1761 1133 1800 1163 11

174 1178 390 1231 patefacta
428 1181 600 1232 repente
638 1180 764 1232 porta
801 1177 1044 1231 frequentes
1086 1191 1135 1218 ex
1175 1177 1332 1231 oppido
1373 1191 1465 1218 sese
1505 1177 1730 1229 eiecerunt,

176 1239 296 1278 scuta-
333 1251 435 1291 prae
474 1251 518 1278 se
556 1239 768 1289 tenentes,
808 1249 861 1277 ne
899 1235 985 1276 tela
1023 1236 1172 1289 procul
1211 1236 1522 1287 conicerentur,
1561 1235 1731 1276 dextras

174 1295 312 1337 nudas
350 1298 634 1346 ostentantes,
672 1298 720 1336 ut
757 1294 923 1349 gladios
963 1294 1169 1336 abiecisse
1209 1296 1445 1348 appareret.
1507 1293 1550 1334 id
1587 1297 1730 1335 utrum
1759 1310 1800 1341 12

174 1368 326 1408 parum
356 1369 406 1395 ex
438 1354 662 1395 intervallo
690 1354 746 1395 sit
771 1355 1058 1407 conspectum,
1091 1368 1145 1394 an
1178 1352 1300 1394 dolus
1328 1353 1481 1407 aliquis
1510 1355 1729 1406 suspectus

175 1412 320 1466 fuerit,
353 1413 651 1466 inconpertum
685 1416 767 1454 est:
801 1412 986 1466 impetus
1018 1411 1187 1453 hostilis
1221 1412 1265 1453 in
1297 1411 1543 1466 transfugas
1579 1411 1731 1464 factus,

1041 1578 1071 1608 8.
1111 1575 1206 1618 quod
1249 1575 1313 1609 ubi
1357 1574 1629 1619 animadvertit]
1676 1573 1734 1608 die

174 1586 254 1610 eum
273 1573 383 1609 nihili
399 1576 526 1618 pacati
542 1575 831 1619 responderetur;
847 1574 916 1609 wie

992 1621 1148 1656 Periode
1168 1621 1323 1666 beginnt
1342 1622 1411 1655 mit
1431 1620 1549 1656 einen]
1571 1620 1735 1655 Relativ-

176 1621 258 1656 hier
283 1621 352 1656 mit
377 1622 460 1656 dem
487 1621 691 1666 Imperfekt
715 1621 775 1665 38,
797 1624 853 1664 28,
877 1625 918 1656 10

170 1672 364 1713 postquam
377 1669 471 1702 nihil
480 1670 610 1713 pacati
621 1669 916 1713 respondebatur.

174 1715 239 1758 43,
281 1719 342 1759 18,
383 1719 401 1750 ‘1
436 1720 625 1760 postquam
663 1717 758 1750 nihil
788 1717 920 1760 pacati

175 1763 386 1805 referebant.
433 1763 493 1805 33,
522 1767 575 1806 17,
601 1766 633 1796 4.

560 1824 575 1832 ¹·
679 1823 715 1842 U.
797 1833 804 1840 ο

176 1821 800 1913 12822132032583b3513³532321‚⁷0²¹3}
817 1820 921 1902 3³⁰2}

177 1935 220 1940 —
236 1916 329 1959 reqii
341 1927 364 1949 a
379 1918 476 1949 terra
490 1918 752 1959 oppuqnarent.
770 1926 798 1950 c.
809 1918 864 1957 45,
879 1919 919 1949 17

175 1962 216 1996 in
230 1962 402 1996 viaticum
411 1982 454 1986 —-
463 1962 669 1996 conlaturos
689 1961 920 2004 „beisteuern

175 2010 261 2051 zu“;
288 2008 348 2051 29,
366 2013 395 2051 1,
414 2011 456 2042 18
477 2009 526 2043 ad
552 2009 679 2043 bellum
699 2009 920 2044 adiuverunt

171 2058 221 2084 ⁸=
249 2055 444 2099 „leisteten
469 2055 648 2090 Beistand
673 2057 751 2090 zu“.

222 2118 253 2149 6.
275 2115 406 2149 adorta
425 2114 651 2160 oppuynare]
675 2115 825 2150 adorior
842 2114 917 2149 und

175 2162 325 2206 aqqredi
345 2161 446 2195 steht
467 2161 526 2196 bei
541 2161 613 2197 Cic.
635 2161 835 2204 bisweilen,
856 2161 918 2196 bei

175 2208 255 2244 Liv.
281 2208 407 2253 haufig
432 2208 502 2242 mit
534 2209 617 2243 dem
643 2208 819 2250 Infinitiv,
855 2208 918 2243 be-

177 2255 328 2290 sonders
353 2255 390 2289 in
412 2255 476 2289 der
489 2255 686 2301 Wendung
706 2266 919 2301 oppugnare

177 2302 328 2336 adortus
353 2302 441 2337 oder
466 2313 663 2347 aqqressus.

225 2370 297 2394 non
328 2360 465 2406 subire]
498 2361 634 2403 subire,
665 2362 783 2396 scalas
814 2362 918 2403 ferre,

178 2408 296 2442 scalas
316 2407 364 2441 ad
389 2418 508 2443 muros
528 2409 659 2452 eriyere
680 2408 762 2443 sind
782 2410 919 2443 stereo-

177 2454 268 2498 type
292 2453 538 2499 Wendungen
568 2455 627 2489 fiir
653 2454 713 2490 die
739 2467 801 2490 zur
828 2456 918 2489 Aus-

177 2500 341 2545 fiihrung
393 2500 493 2535 eines
544 2500 708 2536 Sturmes
764 2502 919 2547 notigen

178 2546 438 2592 Handlungen.
501 2548 552 2582 Zu
597 2549 717 2583 subire
764 2552 918 2593 erganze

177 2595 228 2628 ad
259 2605 382 2628 muros
408 2594 572 2638 (vallum)
599 2595 687 2629 oder
712 2596 760 2630 ad
785 2596 917 2639 urbem,

177 2641 252 2685 vgl.
279 2640 314 2684 9,
341 2645 398 2685 37,
425 2645 456 2676 3.
486 2641 547 2685 31,
572 2645 629 2684 45,
656 2645 687 2675 4.

226 2703 257 2734 7.
277 2700 395 2742 furcis
415 2720 458 2724 —
479 2700 575 2745 lupi]
597 2700 656 2734 die
675 2699 919 2734 Stiirmenden

178 2747 326 2781 werden
359 2747 428 2782 mit
459 2747 757 2791 gabelformigen
782 2745 919 2780 Instru-

177 2794 326 2828 menten
344 2794 487 2838 (furcis)
510 2792 811 2839 herabgestossen
832 2794 921 2827 oder

178 2840 247 2874 mit
285 2841 454 2875 eisernen
490 2840 623 2876 Haken
655 2841 760 2885 (lupi)
793 2838 922 2874 erfasst

179 2886 255 2920 und
278 2886 318 2921 in
343 2887 402 2922 die
427 2887 534 2923 Hohe
559 2888 738 2933 gehoben.

994 1668 1088 1711 satz,
1120 1679 1193 1703 von
1232 1668 1314 1703 dem
1355 1667 1415 1702 ein
1453 1670 1580 1702 Aecus.
1609 1679 1637 1703 c.
1670 1667 1733 1702 inf.

993 1715 1177 1759 abhangt,
1212 1715 1276 1750 der
1308 1715 1379 1749 den
1406 1715 1475 1749 mit
1505 1715 1600 1759 quod
1624 1725 1735 1759 ange-

993 1762 1168 1797 deuteten
1189 1761 1391 1797 Gedanken
1411 1762 1526 1796 n‘aher
1546 1760 1730 1803 ausfi'ihrt3

993 1809 1068 1853 vgl.
1095 1809 1160 1851 26,
1187 1812 1249 1852 44,
1277 1813 1297 1843 6
1326 1810 1421 1853 quod
1450 1809 1515 1842 ubi
1541 1829 1584 1833 —
1611 1809 1735 1852 Scipio

994 1857 1270 1898 animadvertit,
1308 1857 1430 1891 multis
1462 1856 1636 1899 partibus
1666 1867 1736 1890 nu-

993 1903 1081 1938 data
1108 1903 1354 1946 defensoribus
1379 1903 1521 1938 moenia·
1546 1913 1626 1937 esse.
1674 1902 1733 1944 25,

994 1952 1049 1992 28,
1079 1953 1108 1983 1.

1041 2001 1072 2030 9.
1099 2007 1143 2031 ne
1162 1997 1313 2040 prodita
1333 1997 1420 2031 urbs
1439 1996 1540 2041 esset]
1562 1997 1627 2031 der
1645 1995 1736 2031 Ver—

993 2044 1052 2078 rat
1078 2043 1170 2077 wird
1195 2042 1250 2077 als
1275 2043 1448 2078 bereits
1474 2043 1737 2088 geschehen

991 2090 1227 2134 vorgestellt3
1255 2089 1329 2134 vgl.
1356 2089 1422 2133 35,
1450 2094 1512 2134 31,
1540 2094 1557 2124 1
1589 2091 1737 2125 solliciti

990 2148 1034 2172 ne
1076 2138 1198 2172 Aetoli
1241 2158 1284 2162 -
1329 2139 1470 2172 animos
1514 2139 1734 2173 avertissent.

991 2184 1050 2227 27,
1078 2188 1135 2228 47,
1163 2188 1193 2219 7.

1041 2235 1094 2266 10.
1105 2231 1228 2276 timor]
1243 2231 1562 2275 „Beffirchtung“;
1576 2230 1735 2266 beachte

992 2278 1050 2312 die
1076 2278 1375 2322 Abwechselung
1400 2278 1470 2312 mit
1494 2283 1513 2320 ξ
1541 2282 1561 2312 9
1582 2279 1734 2322 pavoris

993 2342 1036 2354 =
1056 2325 1287 2370 Bestfirzung
1307 2337 1340 2359 u.
1357 2329 1451 2360 metu
1466 2342 1510 2353 z
1524 2325 1733 2370 Besorgnis.

1042 2376 1095 2406 11.
1116 2383 1210 2416 prae
1240 2383 1276 2406 se
1306 2372 1478 2418 tenentes]
1510 2383 1601 2416 prae
1633 2373 1735 2407 sonst

990 2419 1061 2454 mit
1099 2419 1228 2454 Verbis
1266 2419 1331 2453 der
1368 2419 1601 2464 Bewegung,
1638 2431 1667 2454 z.
1694 2420 1733 2453 B.

985 2477 1078 2510 prae
1102 2477 1138 2501 se
1164 2477 1284 2511 aqere,
1316 2466 1450 2501 obicere
1480 2466 1734 2511 angewendet,

991 2512 1084 2547 wird
1110 2516 1187 2547 erst
1214 2513 1272 2547 bei
1292 2512 1370 2548 Liv.
1393 2524 1455 2547 zur
1476 2513 1735 2557 Bezeichnung

991 2560 1092 2594 eines
1104 2560 1308 2595 Zustandes
1323 2560 1388 2594 der
1398 2560 1504 2594 Ruhe
1518 2560 1733 2603 gebraucht;

990 2607 1064 2651 vgl.
1082 2607 1115 2650 1,
1131 2610 1185 2649 59,
1204 2611 1221 2641 1
1238 2617 1330 2651 prae
1347 2617 1383 2641 se
1401 2610 1532 2641 tenens.
1568 2606 1627 2648 26,
1642 2609 1698 2649 44,
1714 2610 1733 2641 7

989 2664 1079 2697 prae
1103 2664 1138 2688 se
1164 2674 1207 2679 -
1234 2654 1344 2688 scutis
1369 2654 1552 2697 oppositis.
1620 2660 1624 2663 ·

1040 2701 1188 2734 demiras
1237 2700 1378 2745 nudas]
1435 2699 1734 2742 „unbewaffnete

993 2747 1188 2781 Rechten⁸⁶
1240 2747 1312 2791 vgl.
1343 2746 1408 2789 21,
1443 2749 1481 2789 8,
1515 2750 1557 2780 12
1595 2747 1736 2782 nudum

993 2794 1141 2827 militem
1160 2793 1209 2827 ad
1233 2794 1455 2837 insequentes
1474 2794 1568 2828 ictus
1585 2794 1735 2838 praebe-

994 2841 1065 2875 bat.
1093 2839 1153 2884 10,
1173 2843 1229 2882 35,
1252 2843 1294 2874 10
1314 2840 1436 2875 nudus
1453 2843 1560 2885 atque
1577 2841 1733 2877 inermis,

1043 2890 1097 2921 12.
1119 2887 1365 2931 inconpertum
1384 2887 1450 2933 est]
1473 2887 1537 2923 das
1556 2886 1736 2933 Adjektiv
