1953 3278
600 147 741 182 LIBER
768 147 930 182 XXVIII.
975 146 1073 181 CAP.
1101 151 1156 182 36.
1601 143 1656 185 79

109 167 134 184 a.
157 159 207 184 Ch.
230 160 291 185 206.

110 258 162 298 ad
195 271 286 298 eam
318 269 405 296 rem
445 258 488 296 et
521 270 545 296 a
578 254 840 309 Carthagine
873 255 1049 309 pecunia
1082 254 1257 309 Magoni
1290 253 1464 294 advecta
1497 255 1580 305 est,
1613 256 1655 294 et

112 316 201 370 ipse
241 316 443 368 quantam
488 315 627 368 potuit
666 329 690 355 a
728 313 951 355 Gaditanis
991 314 1149 368 exegit,
1193 327 1278 354 non
1322 312 1485 353 aerario
1529 311 1654 353 modo

109 387 255 415 eorum
288 372 359 414 sed
393 373 519 413 etiam
553 373 724 427 templis
753 373 948 426 spoliatis
976 375 1019 413 et
1044 372 1243 426 privatim
1272 371 1468 413 omnibus
1496 370 1654 412 coactis

109 446 257 473 aurum
291 434 600 486 argentumque
632 432 673 472 in
700 431 914 485 publicum
941 430 1142 471 conferre.
1195 444 1287 471 cum
1315 429 1652 483 praetervehere-

105 494 174 532 tur
200 489 434 544 Hispaniae
462 505 591 543 oram,
623 489 734 530 haud
760 489 907 543 procul
934 487 1192 543 Carthagine
1220 487 1343 529 Nova
1376 488 1578 542 expositis
1606 488 1650 528 in

112 552 269 590 terram
303 548 513 589 militibus
546 549 763 602 proximos
797 547 1078 601 depopulatus
1112 560 1255 601 agros,
1293 547 1389 587 inde
1423 547 1473 587 ad
1507 547 1653 587 urbem

108 608 286 649 classem
321 607 496 661 adpulit.
547 607 606 647 ibi
638 621 732 647 cum
765 605 947 646 interdiu
975 605 1132 645 milites
1158 606 1199 645 in
1227 604 1405 645 navibus
1432 605 1653 658 tenuisset,

104 669 230 708 nocte
275 667 319 707 in
365 666 464 706 litus
508 665 723 719 expositos
768 663 819 704 ad
865 665 1029 717 partem
1081 678 1173 704 eam
1218 663 1346 716 muri,
1397 678 1478 717 qua
1529 666 1655 716 capta

106 724 323 779 Carthago
357 725 409 765 ab
440 723 646 765 Romanis
680 722 829 777 fuerat,
862 722 989 775 ducit,
1020 736 1098 763 nec
1129 722 1343 776 praesidio
1376 722 1479 762 satis
1512 722 1654 763 valido

105 784 253 825 urbem
286 782 419 824 teneri
450 784 566 823 ratus
600 784 641 822 et
673 781 837 835 aliquos
877 780 1186 835 oppidanorum
1227 781 1278 822 ad
1318 794 1435 834 spem
1467 781 1654 822 novandi

105 856 172 883 res
211 841 369 896 aliquid
407 843 611 881 moturos.
680 842 868 881 ceterum
913 839 1054 880 nuntii
1095 854 1144 881 ex
1184 840 1296 894 agris
1334 839 1487 893 trepidi
1528 839 1654 880 simul

104 901 423 954 populationem
463 899 776 953 agrestiumque
815 898 964 953 fugam
1003 901 1045 939 et
1081 899 1273 940 hostium
1313 898 1541 939 adventum
1583 898 1654 939 ad-

104 959 310 1011 tulerant,
342 960 383 998 et
413 957 504 999 visa
536 958 721 999 interdiu
753 957 902 999 classis
936 960 1046 1011 erat,
1089 971 1164 999 nec
1197 957 1286 998 sine
1319 971 1447 998 causa
1479 958 1655 999 electam

105 1019 203 1058 ante
235 1017 383 1058 urbem
416 1017 646 1058 stationem
691 1016 935 1070 apparebat.
998 1017 1142 1071 itaque
1179 1016 1379 1057 instructi
1417 1017 1654 1070 armatique

107 1077 222 1117 intra
251 1078 418 1130 portam
453 1076 503 1116 ad
538 1078 737 1130 stagnum
772 1089 820 1116 ac
851 1089 965 1116 mare
998 1090 1163 1117 versam
1195 1075 1535 1116 continebantur.
1580 1074 1654 1116 ubi

107 1134 226 1176 effusi
257 1134 419 1188 hosteS,
453 1134 585 1175 mixta
616 1135 728 1176 inter
757 1134 916 1175 milites
949 1135 1114 1175 navalis
1146 1134 1291 1187 turba,
1330 1134 1382 1174 ad
1414 1148 1558 1175 muros
1589 1136 1653 1174 tu-

103 1193 242 1234 multu
275 1193 435 1234 maiore
469 1207 594 1246 quam
627 1193 667 1234 vi
700 1193 930 1246 subierunt,
962 1193 1179 1247 patefacta
1211 1195 1383 1247 repente
1415 1195 1540 1247 porta
1570 1192 1655 1234 Ro-

103 1252 218 1293 mani
245 1266 340 1293 cum
367 1251 553 1293 clamore
580 1255 818 1306 erumpunt,
848 1252 1127 1307 turbatosque
1154 1252 1292 1293 hostis
1321 1255 1363 1293 et
1389 1252 1441 1292 ad
1468 1252 1653 1305 primum

104 1311 319 1352 incursum
359 1311 681 1365 coniectumque
718 1311 900 1352 telorum
940 1325 1110 1353 aversos
1151 1325 1281 1365 usque
1321 1310 1373 1352 ad
1413 1310 1515 1351 litus
1560 1325 1653 1352 cum

105 1369 239 1410 multa
271 1369 396 1410 caede
428 1373 755 1424 persequuntur3
789 1383 879 1423 nec,
910 1369 994 1410 nisi
1025 1384 1155 1411 naves
1188 1370 1304 1411 litori
1338 1369 1539 1423 adpulsae
1571 1372 1652 1411 tre-

103 1427 225 1482 pidos
260 1428 533 1482 accepissent,
565 1428 844 1482 superfuisset
874 1428 1002 1483 fugae
1031 1431 1105 1469 aut
1129 1442 1297 1483 pugnae
1326 1429 1560 1483 quisquam.
1609 1428 1653 1469 in

103 1487 208 1540 ipsis
242 1501 406 1541 quoque
439 1487 696 1541 trepidatum
727 1487 910 1529 navibus
937 1490 1013 1541 est,
1045 1487 1158 1542 dum,
1188 1502 1240 1528 ne
1269 1486 1414 1528 hostes
1441 1502 1535 1529 cum
1564 1488 1652 1528 suis

104 1545 229 1586 simul
267 1546 575 1600 inrumperent,
614 1547 792 1588 trahunt
830 1546 965 1587 scalas
999 1561 1178 1601 orasque
1212 1548 1254 1587 et
1288 1560 1484 1600 ancoras,
1524 1561 1577 1587 ne
1609 1546 1653 1587 in

103 1729 192 1765 wird
211 1729 261 1764 im
283 1730 364 1765 Lat.
384 1731 574 1766 mehrfach
596 1732 710 1766 durch
735 1732 839 1767 einen

101 1777 299 1822 folgenden
350 1777 591 1822 Komparativ
649 1779 840 1814 desselben

956 1736 1101 1776 portam
1141 1753 1184 1757 —
1226 1732 1376 1777 versa-m]
1419 1733 1522 1767 sonst
1559 1732 1653 1767 auch

907 1783 1053 1824 portam
1072 1780 1239 1823 ferentem
1259 1780 1308 1814 ad
1316 1793 1323 1820 ;
1350 1779 1423 1823 vgl.
1451 1779 1511 1823 32,
1532 1783 1587 1822 23,
1614 1784 1652 1821 43

101 1823 296 1869 AdJ'ektivs
333 1825 536 1870 gesteigert
569 1826 737 1869 (deutsch
771 1826 841 1861 mit

103 1871 277 1915 „noch“),
313 1882 418 1906 wenn
453 1874 608 1907 ersterer
638 1873 744 1908 nicht
769 1873 840 1908 den

103 1918 299 1961 mebeten,
332 1918 487 1953 sondern
520 1931 587 1953 nur
619 1920 724 1954 einen
758 1921 840 1955 sehr

101 1964 224 1999 hohen
245 1964 342 1999 Grad
363 1965 595 2008 bezeichnet3
615 1967 735 2011 vgl.3,
750 1971 803 2011 72,
819 1971 838 2002 2

99 2013 293 2056 pessimum
318 2013 464 2054 facinus
484 2014 606 2056 peiore
631 2015 797 2059 exemplo.

148 2063 178 2092 3.
192 2059 384 2105 privatim]
407 2060 455 2094 im
471 2059 676 2105 Gegensatz
698 2073 741 2095 zu
756 2062 839 2096 dem

99 2105 149 2140 im
188 2106 372 2140 aerarium
410 2107 484 2141 und
521 2107 559 2141 in
597 2108 667 2142 den
701 2109 841 2152 templis

101 2153 339 2187 euthaltenen
367 2152 559 2199 Staatsgut
585 2171 627 2183 =
656 2166 744 2199 „aus
767 2156 840 2200 pri-

100 2202 223 2234 vatem
251 2199 497 2244 Vermogen“;
538 2202 610 2246 vgl.
645 2202 704 2246 24,
739 2207 793 2245 11,
821 2206 840 2237 9

94 2247 246 2290 privata
269 2247 440 2291 impensa.

149 2296 179 2327 5.
217 2294 265 2328 ad
295 2304 389 2338 spem
420 2296 583 2330 novandi
612 2306 668 2331 res
700 2297 841 2341 aliquid

100 2339 272 2384 moturos]
300 2351 343 2373 zu
369 2342 416 2375 ad
441 2353 535 2385 spem
566 2343 640 2388 vgl.
675 2355 703 2378 c.
731 2348 786 2386 31,
819 2347 838 2378 3

101 2388 150 2421 ad
176 2406 219 2411 —-
245 2387 436 2422 discessum
462 2405 505 2417 =
533 2400 621 2433 „aus
647 2389 840 2425 Veranlas-

103 2435 229 2478 sung“.
256 2454 299 2458 —
327 2433 376 2468 Zu
401 2437 562 2470 novandi
586 2447 641 2471 res
667 2454 710 2466 =
732 2437 841 2481 „Um-

103 2480 281 2525 schwung
302 2480 364 2515 der
386 2481 662 2518 Verh'altnisse“
686 2485 760 2529 vgl.
781 2485 840 2527 29,

102 2531 164 2570 36,
187 2530 229 2561 10
249 2527 471 2572 (Etruriam)
494 2530 542 2563 ad
566 2540 661 2573 spem
679 2533 842 2567 novandi

100 2585 157 2609 res
175 2585 321 2609 versam.
339 2595 381 2600 —
397 2576 539 2619 aliquid
557 2580 713 2612 moturos
727 2595 770 2607 =
786 2581 840 2614 et-

103 2632 176 2655 was
190 2621 468 2665 unternehmen,
478 2633 625 2667 wagen3
639 2623 839 2660 besonders

101 2668 227 2713 haufig
251 2679 323 2703 von
343 2668 573 2704 Aufstanden
598 2671 672 2704 und
698 2671 839 2716 kriege-

101 2715 246 2750 rischen
272 2716 632 2761 Unternehmungen.

151 2766 180 2796 7.
213 2763 385 2797 instructi
421 2764 638 2809 armatique]
677 2765 839 2799 namlich

101 2810 296 2853 oppidani3
322 2810 394 2854 vgl.
418 2810 477 2854 26,
505 2815 560 2854 39,
582 2815 600 2845 7
627 2813 841 2846 instructam

102 2859 134 2936 gt
153 2860 330 2891 armatam
350 2877 393 2882 —
415 2859 549 2902 eyreyie
568 2859 711 2893 classem
737 2859 838 2893 habe-

124 2905 172 2937 at.

912 1827 981 1861 wie
1007 1827 1087 1861 hier
1117 1838 1189 1862 von
1222 1827 1285 1861 der
1313 1827 1414 1871 Lage
1440 1826 1500 1868 27,
1529 1830 1582 1868 15,
1612 1831 1654 1861 13

913 1874 958 1908 ab
983 1875 1125 1918 reyione
1149 1875 1251 1909 urbis
1281 1875 1323 1908 in
1348 1875 1516 1908 orientem
1541 1885 1654 1908 versa.

959 1921 1143 1966 stagnum]
1176 1921 1250 1965 vgl.
1284 1921 1344 1963 26,
1377 1924 1439 1963 45,
1473 1925 1503 1963 7,
1537 1931 1573 1955 es
1604 1921 1655 1955 ist

913 1967 978 2002 das
999 1968 1116 2010 Watt,
1137 1969 1252 2002 durch
1273 1968 1430 2002 welches
1450 1967 1574 2012 Scipio
1594 1968 1655 2003 die

911 2015 1040 2049 Mauer
1066 2015 1248 2059 erstiegen
1274 2015 1390 2050 hatte.

962 2066 1014 2096 11.
1054 2062 1318 2108 inrumperent]
1351 2061 1415 2096 der
1450 2061 1652 2106 eigentfim—

913 2109 1009 2143 Iiche
1030 2109 1223 2144 Ausdruck
1246 2109 1294 2143 ist
1313 2120 1397 2143 vom
1418 2108 1653 2153 Landkriege

914 2155 989 2190 und
1020 2156 1104 2190 dem
1135 2155 1361 2201 Eindringen
1396 2155 1433 2190 in
1472 2156 1552 2191 eine
1585 2156 1652 2190 Be-

914 2202 1104 2248 festigung
1123 2204 1362 2248 {ibertragem
1392 2204 1464 2248 vgl.
1487 2203 1545 2246 26,
1561 2207 1615 2246 44,
1632 2207 1653 2237 4

907 2251 1083 2294 permiaeti
1101 2251 1325 2294 fugientibus
1338 2251 1529 2294 inrupturi
1540 2251 1656 2293 fuisse

913 2298 954 2331 in
978 2297 1099 2332 urbem
1124 2298 1339 2332 viderentur.

960 2344 1094 2390 scalas]
1139 2344 1516 2390 Landungstreppen,
1562 2341 1652 2378 ἄπο-

914 2389 1074 2436 βοὶθραι,
1114 2391 1172 2426 die
1199 2403 1284 2427 vom
1313 2392 1478 2426 Verdeck
1515 2391 1554 2425 in
1594 2391 1653 2426 ein

913 2438 1009 2473 Boot
1023 2438 1111 2473 oder
1125 2439 1190 2473 auf
1203 2439 1268 2473 das
1280 2439 1384 2473 Land
1396 2438 1511 2474 selbst
1523 2438 1653 2473 herab-

914 2485 1084 2529 gelassen
1110 2486 1270 2521 wurden.
1628 2531 1635 2538 ι

914 2532 1653 2622 ἃθΐγὲἒέῑὲεῗῑῗὲὲῗὲἳῃωᾞῃᾞὲῗὲῗὲ

913 2626 1036 2660 Laude
1058 2627 1274 2671 zugekehrt;
1290 2627 1363 2671 vgl.
1379 2626 1438 2669 22,
1456 2630 1510 2668 19,
1527 2630 1569 2660 10
1590 2637 1652 2660 re-

912 2674 1076 2707 solutis
1102 2675 1176 2707 oris
1200 2675 1240 2707 in
1266 2684 1419 2708 ancoras
1444 2674 1649 2708 evehuntur.

914 2729 1068 2753 ancoras
1093 2718 1143 2754 ist
1168 2719 1282 2753 durch
1309 2720 1368 2754 ein
1396 2720 1558 2764 Zeugma
1583 2719 1653 2754 mit

907 2767 1129 2810 praecidunt
1154 2766 1377 2810 verbunden,
1405 2766 1452 2800 da
1471 2766 1548 2800 sich
1575 2766 1653 2801 dies

913 2824 981 2846 nur
1007 2812 1072 2846 auf
1095 2812 1153 2846 die
1180 2823 1239 2847 am
1259 2812 1490 2847 Vorderteile
1514 2813 1651 2848 befind-

912 2859 1036 2893 lichen
1062 2859 1322 2895 Ankertaue
1349 2861 1566 2904 (ancoralia)
1589 2860 1653 2894 be·

913 2906 1041 2941 ziehen
1066 2906 1174 2941 kann.

1681 263 1704 294 3

1680 440 1700 469 4

1681 1380 1724 1412 10

1681 1439 1723 1470 11
