1953 3278
271 157 325 198 74
720 157 861 192 LIBER
886 157 1050 192 XXVIII.
1103 157 1206 194 CAP.
1232 163 1287 194 33.
1314 163 1368 194 34.
1656 178 1680 196 a.

1702 179 1730 196 ιι.
1751 172 1814 198 543.

269 279 343 320 per
387 265 519 309 00119Γ
560 263 760 317 equitum.
834 278 912 305 nec
957 267 1055 305 ante
1099 265 1406 309 circumductos
1452 283 1641 323 sensere,
1686 283 1814 323 quam

202 335 242 365 14
270 324 499 365 tumultum
533 322 738 375 equestris
764 336 931 376 pugnae
959 323 1011 364 ab
1044 325 1165 377 tergo
1193 338 1400 378 accepere.
1449 327 1510 368 ita
1541 328 1622 369 duo
1650 328 1817 369 diversa

269 383 431 436 proelia
464 383 602 421 erant:
642 380 747 421 duae
774 381 970 446 peditum
1002 382 1131 436 acies,
1164 381 1245 423 duo
1278 384 1492 437 equitatus
1525 401 1599 440 per
1632 387 1816 442 longitu-

270 441 408 482 dinem
430 439 580 492 campi,
607 439 705 493 quia
726 440 892 481 misceri
912 454 962 481 ex
989 415 1144 495 genere
1164 443 1344 495 utroque
1364 444 1571 496 proelium
1593 445 1815 500 angustiae

202 511 241 540 15
268 513 354 539 non
392 498 681 552 patiebantur,
724 498 983 553 pugnabant.
1054 498 1346 553 Hispanorum
1384 515 1478 542 cum
1515 517 1650 558 neque
1689 503 1816 558 pedes

268 557 399 611 equiti
436 571 572 611 neque
611 571 738 611 eques
776 557 909 611 pediti
948 558 1104 600 auxilio
1143 561 1273 613 esset,
1311 559 1439 612 pedes
1479 560 1630 603 fiducia
1661 563 1815 616 equitis

266 618 424 656 temere
457 616 708 657 commissus
741 630 891 671 campo
924 617 1187 671 caederetur,
1225 631 1350 671 eques
1391 618 1701 662 circumventus
1740 634 1817 662 nec

263 674 452 728 'peditem
479 690 504 716 a
529 674 669 716 fronte
701 698 759 704 —
784 676 869 716 iam
897 676 1009 717 enim
1031 679 1190 718 stratae
1213 677 1423 742 pedestris
1445 678 1592 731 copiae
1612 682 1734 720 erant
1764 703 1811 708 —

265 747 343 775 nec
375 733 428 775 ab
460 736 580 788 tergo
621 734 806 788 equitem
847 735 1092 789 sustineret,
1131 738 1173 776 et
1209 736 1307 790 ipsi,
1346 750 1442 777 cum
1481 736 1552 777 diu
1590 737 1634 778 in
1672 738 1817 779 orbem

266 806 358 833 sese
391 793 603 833 stantibus
637 793 754 846 equis
786 793 1094 848 defendissent,
1134 795 1185 835 ad
1217 809 1346 835 unum
1380 810 1526 836 omnes
1560 796 1672 837 caesi
1705 799 1817 851 sunt,

264 864 342 892 nec
368 852 592 906 quisquam
619 850 809 905 peditum
836 852 1079 906 equitumve
1101 853 1321 907 superfuit,
1348 854 1420 908 qui
1445 854 1490 895 in
1517 855 1626 896 valle
1653 869 1816 910 pugna-

198 920 239 950 16
267 912 431 951 verunt.
491 910 619 950 tertia
652 924 769 963 pars,
810 925 916 965 quae
948 911 991 952 in
1030 911 1135 953 colle
1174 912 1226 953 ad
1259 913 1546 966 spectaculum
1579 914 1717 968 magis
1749 916 1813 955 tu-

264 971 356 1009 tum
389 983 515 1023 quam
548 967 601 1009 ad
633 971 796 1022 partem
830 983 998 1024 pugnae
1031 970 1335 1023 capessendam
1367 974 1563 1026 steterat,
1603 976 1645 1014 et
1677 973 1817 1014 locum

197 1037 237 1068 17
266 1030 308 1068 et
350 1030 519 1081 tempus
564 1027 615 1068 ad
661 1027 909 1083 fugiendum
953 1028 1115 1070 habuit.
1188 1029 1302 1070 inter
1346 1044 1417 1071 eos
1463 1034 1504 1071 et
1548 1005 1683 1086 ieguli
1732 1032 1816 1086 ipsi

266 1087 476 1141 fugerunt,
509 1086 758 1141 priusquam
791 1089 885 1128 tota
910 1087 1286 1129 circumveniretur
1313 1089 1422 1130 acies
1448 1089 1558 1130 inter
1584 1091 1815 1131 tumultum

194 1147 245 1183 34
265 1146 410 1200 elapsi.
472 1148 613 1187 castra
650 1145 798 1187 eodem
837 1145 903 1186 die
942 1145 1233 1200 Hispanorum
1270 1149 1438 1202 praeter
1477 1151 1660 1189 ceteram
1699 1163 1818 1202 prae-

219 1214 238 1244 2
266 1205 363 1246 dam
396 1219 490 1246 cum
522 1205 658 1246 tribus
698 1205 829 1246 ferme
866 1205 1036 1246 milibus
1075 1205 1297 1247 hominum
1335 1206 1571 1260 capiuntur.
1633 1206 1818 1249 Romani

265 1264 453 1317 sociique
486 1264 539 1304 ad
571 1263 689 1305 mille
722 1266 764 1305 et
795 1264 965 1305 ducenti
1005 1278 1053 1306 eo
1092 1265 1253 1331 proelio
1293 1265 1552 1318 ceciderunt,
1594 1266 1818 1307 vulnerata

264 1323 448 1376 amplius
480 1322 563 1363 tria
601 1323 720 1364 milia
758 1322 992 1365 hominum.
1054 1325 1193 1365 minus
1232 1326 1407 1366 cruenta
1445 1324 1626 1366 victoria
1656 1324 1819 1380 fuisset,

264 1382 299 1423 si
342 1382 585 1435 patentiore
630 1396 780 1436 campo
825 1385 867 1423 et
911 1382 963 1423 ad
1008 1382 1155 1437 fugam
1199 1383 1503 1437 capessendam
1549 1383 1664 1425 facili
1707 1383 1818 1454 foret

262 1443 514 1496 pugnatum.

380 1499 577 1541 Indibilis
616 1500 793 1541 abiectis
831 1500 932 1541 belli
972 1501 1178 1554 consiliis,
1222 1501 1329 1542 nihil
1366 1502 1500 1543 tutius
1546 1501 1590 1542 in
1632 1501 1813 1543 adflictis

262 1559 388 1600 rebus
428 1562 601 1613 experta
639 1559 720 1601 fide
759 1562 800 1601 et
844 1559 1068 1601 clementia
1107 1558 1317 1614 Scipionis
1356 1563 1492 1614 ratus,
1535 1559 1814 1602 Mandonium

312 1703 364 1733 14.
392 1700 463 1734 cluo
483 1700 677 1744 equitatus]
707 1699 771 1734 der
798 1700 921 1735 Plural
941 1700 1001 1735 bei

262 1746 340 1781 Liv.
368 1758 436 1780 nur
461 1746 550 1789 hier,
577 1747 613 1781 in
641 1746 760 1781 dieser
783 1746 1002 1792 Bedeutung

261 1794 349 1828 aber
371 1794 465 1828 auch
486 1795 589 1828 sonst
608 1794 712 1829 nicht
730 1795 1001 1837 nachweisbar;

261 1842 440 1885 equitatus
467 1841 593 1885 (Plur.)
621 1843 724 1876 sonst
743 1859 786 1871 =
807 1842 1001 1878 Abteilun-

260 1899 333 1933 gen
359 1888 423 1922 der
448 1888 618 1923 Reiterei.

305 1947 370 1979 per
403 1936 681 1981 longitudinem]
718 1937 776 1971 die
810 1936 1002 1971 Schlacht-

260 1983 389 2017 reihen
431 1983 585 2018 standen
623 1983 774 2018 hinter
818 1983 1001 2026 einander,

261 2029 330 2064 wie
351 2030 477 2074 lonyus
497 2042 568 2064 von
589 2030 653 2065 der
674 2030 913 2076 Aufstellung
937 2031 1002 2066 der

259 2076 430 2121 Truppen
469 2077 659 2111 mehrfach
698 2077 757 2112 die
798 2077 900 2113 Tiefe
938 2079 999 2113 be-

261 2123 443 2166 zeichnet3
482 2124 556 2169 vgl.
589 2124 653 2167 33,
689 2128 726 2168 8,
757 2129 799 2160 14
837 2126 1001 2170 duplicat

261 2172 444 2215 (ordines),
467 2175 508 2205 ut
528 2172 635 2216 Ion-(sa
655 2173 780 2216 potius
799 2184 905 2217 quam
925 2174 1002 2208 lata

260 2219 356 2253 acies
380 2222 476 2253 esset.

308 2266 449 2301 misceri
487 2286 530 2290 —
569 2266 819 2312 proelium],
825 2265 896 2309 ,ein
939 2278 999 2311 ge—

262 2311 437 2348 mischtes
483 2313 625 2348 Treffen
670 2314 797 2348 beider
841 2313 1000 2348 Waffen-

262 2361 508 2405 gattungen‘&
543 2361 616 2404 vgl.
650 2360 780 2404 27,2,
813 2365 853 2394 11
886 2362 1002 2396 mimia

261 2388 711 2452 equitumpeditumque—
722 2409 875 2451 proelia.
902 2400 1000 2442 „lihn-

262 2453 337 2488 lieh
358 2453 416 2497 30,
437 2459 493 2497 34,
509 2459 528 2490 8
549 2466 593 2489 ne
608 2475 647 2479 —
664 2455 841 2489 sinceram
861 2459 892 2490 et
914 2456 998 2490 inte·

259 2512 363 2546 yram
389 2502 499 2536 aciem
524 2503 720 2537 miscerent

312 2552 367 2583 15.
398 2549 652 2593 Hispanorum
684 2570 727 2574 --
760 2552 792 2584 et
820 2549 907 2595 ipsi]
940 2561 1002 2584 zur

260 2594 368 2630 Form
411 2595 475 2630 der
517 2596 670 2631 Periode
722 2607 750 2631 c.
797 2600 858 2639 31,
910 2601 971 2630 1—
981 2600 1000 2630 2

259 2642 410 2678 Laelius
443 2664 478 2668 —-
505 2644 618 2678 ambo.

308 2694 442 2725 stratae
456 2692 633 2735 pedestris
653 2690 790 2736 copiae]
819 2690 856 2725 in
882 2691 1001 2726 dieser

260 2737 489 2783 Bedeutung,
509 2737 565 2773 oft
578 2738 646 2772 mit
659 2739 763 2773 caede
778 2738 1000 2780 verbunden,

260 2785 359 2818 steht
384 2785 494 2820 meist
524 2785 589 2820 das
615 2785 770 2830 simplex
795 2789 913 2820 sterno
942 2785 1001 2820 bei

261 2831 358 2872 Liw,
385 2832 457 2875 vgl.
478 2832 512 2876 4,
533 2837 588 2876 29,
612 2837 628 2866 1
655 2844 719 2876 per
743 2836 875 2868 stratos
897 2833 1002 2867 caede

260 2878 383 2913 hostes.
404 2879 463 2922 25,
481 2884 532 2921 10,
550 2884 569 2914 5
587 2880 725 2923 passim
740 2881 843 2915 caede
858 2884 999 2914 stratos.

262 2923 321 2965 22,
343 2930 373 2967 6,
396 2930 415 2959 9
441 2930 659 2970 stratamque
683 2928 782 2969 foede
808 2947 850 2952 —
878 2928 998 2962 aciem.

1121 1700 1301 1735 stantibus
1325 1700 1440 1745 equis]
1477 1700 1570 1735 ohne
1598 1710 1724 1745 wegen
1751 1699 1815 1735 der

1075 1747 1177 1791 Euge
1211 1747 1273 1782 des
1307 1747 1478 1782 Terrains
1513 1747 1641 1792 irgend
1675 1747 1814 1782 welche

1075 1794 1321 1829 Evolutionen
1365 1795 1521 1829 macheu
1564 1806 1606 1828 zu
1649 1794 1814 1836 konnen3

1076 1841 1148 1885 vgl.
1171 1841 1347 1876 Schlacht
1375 1841 1434 1876 bei
1455 1841 1600 1876 Cannae
1626 1841 1686 1884 22,
1713 1845 1768 1883 47,
1794 1845 1813 1875 3

1074 1889 1255 1924 stantibus
1275 1900 1318 1924 ac
1337 1889 1506 1931 confertis
1522 1909 1562 1913 —
1580 1889 1688 1923 turba
1705 1889 1814 1933 equis.

1121 1937 1162 1970 in
1206 1936 1322 1971 orbem
1358 1946 1429 1970 sese
1473 1956 1515 1961 —
1557 1935 1812 1980 defendissent]

1074 1983 1148 2027 vgl.
1170 1994 1199 2018 c.
1220 1987 1277 2026 22,
1301 1986 1342 2018 15
1363 1983 1427 2018 das
1442 1983 1630 2028 h'aufigere
1644 1984 1684 2018 in
1699 1983 1816 2018 orbem

1069 2032 1283 2075 puynantis.

1122 2134 1156 2160 c.
1184 2123 1243 2167 34,
1271 2129 1301 2159 2.
1335 2125 1538 2169 patentiore
1561 2124 1703 2169 campo]
1730 2135 1813 2158 zum

1074 2172 1315 2216 Komparativ
1336 2173 1408 2217 vgl.
1432 2171 1491 2214 21,
1513 2176 1544 2214 7,
1566 2176 1585 2206 5
1607 2171 1811 2215 planiorem

1068 2220 1375 2264 patentioremque
1409 2219 1545 2253 vallem.
1605 2218 1642 2261 7,
1675 2222 1735 2260 36,
1771 2222 1811 2252 11

1073 2268 1133 2301 via
1154 2267 1368 2311 patentiore.

1122 2317 1153 2347 3.
1192 2314 1339 2348 abiectis
1375 2332 1417 2338 ——
1456 2312 1631 2357 consiliis]
1672 2311 1815 2347 starker

1075 2360 1266 2395 Ausdruck
1304 2360 1363 2394 fiir
1391 2359 1638 2404 „aufgeben“;
1679 2359 1750 2403 vgl.
1778 2358 1813 2403 3,

1075 2411 1129 2451 31,
1165 2411 1182 2442 7
1216 2407 1354 2442 abiecta
1385 2408 1474 2451 Ieye,
1509 2417 1600 2451 quae
1626 2427 1668 2431 —
1695 2416 1813 2441 conse-

1073 2435 1213 2490 niierat.

1121 2505 1268 2570 experta
1280 2502 1392 2547 fide]‚
1398 2501 1466 2543 ,die
1481 2502 1652 2546 e1wp1obte
1668 2500 1814 2535 Bieder-

1074 2548 1175 2583 keit“
1246 2549 1304 2583 die
1343 2529 1544 2594 Paitieipia
1580 2546 1813 2592 Deponentia

1074 2599 1242 2637 testatus,
1292 2597 1476 2639 partitus,
1525 2605 1703 2636 emensus,
1751 2605 1812 2628 ex-

1068 2647 1195 2688 pertus
1233 2644 1487 2687 (rneaepertus),
1519 2645 1669 2687 pactus,
1707 2642 1812 2676 comi-

1074 2694 1189 2732 tatus,
1226 2691 1458 2734 z'nopinatus,
1496 2690 1687 2724 meditatus
1730 2688 1811 2723 sind

1074 2738 1134 2773 bei
1167 2737 1244 2773 Liv.
1277 2737 1315 2772 in
1346 2737 1527 2781 passivem
1563 2736 1673 2770 Sinne
1708 2734 1813 2770 nicht

1074 2785 1208 2828 selten3
1232 2784 1431 2819 vereinzelt
1450 2795 1543 2825 orsa,
1563 2783 1683 2825 effata,
1702 2783 1812 2817 inter-

1067 2835 1232 2876 pretata,
1263 2834 1466 2866 commenta.
1517 2829 1650 2873 Hilufig
1676 2830 1724 2864 ist
1749 2830 1811 2864 be-

1074 2879 1223 2913 sonders
1244 2877 1302 2913 die
1315 2881 1462 2922 experta
1480 2880 1706 2921 spectataque
1724 2877 1812 2919 fides

1073 2926 1320 2961 Romanorum
1346 2924 1404 2965 35,
1431 2928 1487 2968 49,
1517 2927 1567 2958 12.
