1953 3278
596 478 809 524 Periocha
847 478 953 522 libri
993 477 1182 522 XXVIII.

229 686 312 727 Res
346 688 388 728 in
414 687 623 740 Hispania
657 699 857 740 prospere
890 687 1035 740 gestae
1063 699 1087 725 a
1114 683 1261 726 Silano
1295 687 1336 725 et
1369 685 1421 725 ab
1451 684 1663 740 Scipionis

111 747 253 812 legato
282 745 326 787 L.
354 744 597 800 Sc1p1011c¹)
625 745 755 785 fratre
783 744 983 785 adversus
1011 743 1197 797 Poenos,
1230 758 1254 784 a
1281 742 1467 797 Sulpicio
1501 759 1663 798 procos.

110 805 227 847 socio
254 804 401 845 Attalo
435 817 534 858 rege
562 804 689 844 Asiae
716 802 916 844 adversus
944 802 1190 856 Philippum
1216 815 1360 856 regem
1382 801 1662 844 Macedonum

109 878 187 918 pro
220 862 386 903 Aetolis
418 862 671 903 resen-‚untur
722 876 816 903 cum
849 860 902 902 Μ.
931 859 1049 902 Livio
1083 864 1124 902 et
1150 859 1328 902 Claudio
1361 859 1524 903 Neroni
1556 876 1661 903 coss.

109 921 353 975 triumphus
397 920 591 961 decretus
625 923 754 973 esset,
793 919 955 972 Livius,
999 920 1071 974 qui
1115 920 1158 960 in
1200 919 1422 985 provincia
1460 934 1536 961 sua
1574 935 1663 962 rem

108 982 322 1036 gesserat,
361 978 580 1034 quadrigis
619 953 812 1019 invectus
853 981 934 1032 est,
974 977 1105 1032 Nero,
1143 979 1213 1032 qui
1256 978 1300 1018 in
1340 978 1528 1033 collegae
1566 994 1661 1033 pro-

109 1039 293 1080 vinciam
324 1040 372 1079 ut
398 1038 623 1079 victoriam
658 1036 747 1077 eius
774 1037 1005 1090 adiuvaret,
1031 1039 1216 1090 venerat,
1249 1051 1356 1091 equo
1384 1040 1553 1078 secutus
1587 1042 1662 1089 est,

109 1100 152 1139 et
183 1098 227 1138 in
259 1096 340 1138 hoc
379 1096 531 1137 habitu
570 1095 663 1149 plus
703 1095 865 1150 gloriae
897 1095 1241 1162 reverentiaeque
1280 1095 1450 1149 habuit·
1487 1110 1587 1136 nam
1621 1072 1663 1137 et

107 1156 206 1210 plus
250 1155 294 1196 in
340 1155 454 1196 bello'
496 1169 625 1209 quam
669 1155 833 1209 collega
877 1154 1047 1196 fecerat.
1120 1154 1232 1209 ignis
1277 1154 1321 1194 in
1365 1128 1466 1195 aede
1505 1153 1662 1196 Vestae

109 1214 381 1269 neglegentia
407 1213 599 1268 virginis,
631 1227 738 1268 quae
765 1227 852 1254 non
878 1213 1149 1265 custodierat,
1182 1212 1394 1254 extinctus
1425 1215 1506 1267 est;
1539 1227 1661 1255 caesa

108 1277 174 1314 est
205 1273 351 1327 flagro.
414 1272 459 1313 P.
492 1270 634 1326 Scipio
666 1272 710 1312 in
742 1270 955 1326 Hispania
986 1286 1080 1313 cum
1114 1271 1268 1313 Poenis
1301 1271 1529 1312 debellavit
1559 1271 1661 1313 XIV

108 1346 219 1373 anno
259 1331 347 1372 eius
380 1330 498 1383 belli,
538 1331 686 1384 quinto
725 1333 825 1396 post
857 1344 970 1371 anno
1013 1344 1140 1384 quam
1179 1330 1306 1383 ierat,
1343 1330 1661 1385 praeclusisque

107 1390 154 1431 in
174 1393 314 1432 totum
335 1390 605 1455 possessione
626 1389 870 1443 provinciae
891 1389 981 1430 eius
1007 1389 1204 1430 hostibus
1224 1388 1457 1442 Hispanias
1484 1390 1662 1443 recepit·

107 1452 151 1490 et
177 1464 202 1490 a
221 1448 498 1490 Tarracone
487 1463 531 1489 m
553 1448 743 1489 Africam
764 1448 814 1488 ad
837 1447 1076 1502 Syphacem
1097 1461 1240 1502 regem
1261 1446 1642 1489 Masaesuliorum⁹
1628 1456 1661 1504 )

105 1509 374 1549 transvectus
406 1507 555 1548 foedus
587 1507 737 1547 iunxit.
799 1505 1043 1548 Hasdrubal
1077 1505 1282 1560 Gisgonis
1315 1505 1375 1547 ibi
1408 1520 1503 1547 011111
1536 1521 1584 1547 00
1617 1507 1662 1547 111

106 1566 256 1607 eodem
294 1566 403 1607 lecto
443 1566 622 1607 cenavit.
684 1580 838 1606 munus
871 1565 1177 1620 gladiatorium
1209 1565 1253 1606 in
1286 1565 1491 1606 honorem
1525 1565 1661 1619 patris

106 1624 335 1678 patruique
368 1623 630 1678 Carthagine
661 1623 786 1665 Nova
818 1623 970 1677 edidit,
1009 1638 1095 1665 non
1134 1638 1184 1665 ex
1223 1623 1551 1678 gladiatoribus,
1590 1624 1662 1665 sed

110 1697 160 1724 ex
193 1683 273 1737 his,
306 1683 378 1737 qui
411 1686 485 1724 aut
517 1683 560 1724 in
592 1682 798 1724 honorem
830 1683 947 1724 ducis
980 1685 1055 1724 aut
1081 1697 1131 1723 ex
1161 1682 1465 1737 provocatione
1493 1682 1662 1724 descen-

106 1741 284 1795 debant3
328 1742 373 1782 in
418 1756 502 1796 quo
547 1741 684 1796 reguli
727 1741 880 1783 fratres
927 1741 976 1782 de
1015 1755 1145 1796 regno
1187 1742 1300 1783 ferro
1341 1741 1661 1783 contenderunt.

106 1814 203 1841 cum
229 1797 438 1855 Astapass)
466 1800 565 1841 urbs
592 1803 930 1854 oppugnaretur,
963 1800 1163 1855 oppidani
1194 1800 1352 1841 liberos
1385 1802 1427 1842 et
1458 1800 1661 1855 coniuges

105 1873 211 1914 rogo
246 1861 436 1900 extructo
470 1858 716 1900 occiderunt
747 1862 788 1900 et
820 1873 863 1900 se
896 1859 1071 1913 insuper
1110 1859 1507 1913 praecipitaverunt.
1569 1859 1660 1912 ipse

108 1915 271 1971 Scipio,
310 1917 409 1958 dum
441 1917 563 1972 gravi
596 1917 744 1958 morbo
783 1917 1018 1972 implicitus
1051 1921 1127 1969 est,
1167 1917 1418 1959 seditionem
1457 1918 1502 1958 111
1540 1920 1660 1971 parte

106 1976 314 2017 exercitus
340 1978 503 2018 motam
529 1975 802 2017 confirmatus
830 1976 1031 2017 discussit
1055 1976 1396 2031 rebellantesque
1424 1975 1661 2030 Hispaniae

105 2035 288 2088 populos
329 2034 471 2089 coegit
507 2035 553 2075 in
592 2034 851 2076 deditionem
889 2035 1045 2076 venire.
1107 2038 1149 2075 et
1187 2035 1377 2076 amicitia
1417 2034 1533 2076 facta
1566 2049 1661 2076 cum

105 2092 336 2134 Masinissa
372 2107 471 2148 rege
504 2092 805 2147 Numidarum,
843 2093 917 2148 qui
955 2094 1018 2134 illi
1057 2094 1279 2147 auxilium,
1317 2093 1354 2134 si
1392 2093 1437 2134 in
1470 2093 1661 2134 Africam

104 2151 359 2206 traiecisset,
390 2152 683 2206 pollicebatur,
715 2166 811 2193 cum
838 2151 1062 2193 Gaditanis
1095 2166 1261 2206 quoque
1295 2155 1393 2206 post
1424 2152 1659 2193 discessum

105 2209 204 2251 inde
245 2209 464 2265 Magonis,
508 2211 574 2252 0111
614 2209 877 2265 Carthagine
921 2211 1128 2265 scriptum
1173 2214 1266 2252 erat
1309 2213 1356 2251 ut
1399 2210 1443 2251 111
1488 2210 1660 2251 Italiam

105 2269 322 2322 traiceret,
358 2269 543 2311 Romam
580 2283 773 2310 reversus
812 2270 1045 2324 consulque
1084 2272 1262 2311 creatus.
1334 2269 1526 2311 Africam
1564 2284 1660 2323 pro-

107 2326 293 2368 vinciam
330 2328 491 2381 petenti
532 2328 850 2370 contradicente
890 2327 936 2376 Q.
969 2328 1103 2370 Fabio
1141 2327 1330 2370 Maximo
1372 2327 1517 2369 Sicilia
1561 2328 1660 2369 data

105 2387 188 2439 est,
219 2386 557 2440 permissumque
589 2390 636 2428 ut
666 2387 709 2427 in
743 2386 934 2428 Africam
966 2388 1183 2441 traiceret,
1215 2387 1251 2428 si
1282 2387 1324 2427 id
1357 2401 1378 2428 e
1410 2401 1454 2428 re
1487 2387 1659 2441 publica

107 2457 199 2485 esse
226 2447 427 2485 censeret.
476 2444 604 2499 Mago
631 2445 888 2486 Hamilcaris
921 2445 1032 2487 filius
1059 2460 1084 2486 a
1113 2446 1278 2487 minore
1306 2444 1478 2487 Baleari
1504 2446 1658 2497 insula,

105 2502 180 2543 ubi
212 2501 492 2556 hiemaverat,
523 2503 568 2544 in
599 2503 771 2544 Italiam
803 2503 984 2545 traiecit.

228 2618 253 2662 ¹)
281 2587 401 2660 Roell;
429 2628 451 2652 a
477 2618 602 2652 Silano
630 2617 811 2662 Scipionis
837 2617 963 2662 legato
989 2621 1026 2653 et
1052 2619 1098 2653 ab
1124 2619 1163 2653 L.
1192 2618 1372 2663 Scipione
1401 2619 1445 2653 N

226 2664 253 2708 2)
280 2663 385 2699 Nach
412 2665 491 2699 Liv.
518 2676 547 2699 c.
577 2669 636 2706 173
663 2665 928 2708 Massyliorum.
969 2666 1008 2700 N.

226 2712 252 2755 8)
278 2712 382 2746 Nach
408 2712 485 2747 Liv.
513 2723 542 2746 c.
569 2715 623 2745 22.
663 2711 774 2745 Gisia.
814 2711 856 2745 N.
