<?xml version="1.0" encoding="UTF-8"?>
<!DOCTYPE html PUBLIC "-//W3C//DTD XHTML 1.0 Transitional//EN"
    "http://www.w3.org/TR/xhtml1/DTD/xhtml1-transitional.dtd">
<html xmlns="http://www.w3.org/1999/xhtml" xml:lang="en" lang="en">
 <head>
  <title>
</title>
<meta http-equiv="Content-Type" content="text/html;charset=utf-8" />
  <meta name='ocr-system' content='tesseract 3.04.00' />
  <meta name='ocr-capabilities' content='ocr_page ocr_carea ocr_par ocr_line ocrx_word'/>
</head>
<body>
  <div class='ocr_page' id='page_1' title='image "./aburbeconditalib28livyuoft_0026.png"; bbox 0 0 1953 3278; ppageno 0'>
   <div class='ocr_carea' id='block_1_1' title="bbox 210 154 1820 1548">
    <p class='ocr_par' dir='ltr' id='par_1_1' title="bbox 257 154 1812 375">
     <span class='ocr_line' id='line_1_1' title="bbox 261 154 1810 196; baseline 0.001 -6"><span class='ocrx_word' id='word_1_1' title='bbox 261 156 316 196; x_wconf 87' lang='lat'>14</span> <span class='ocrx_word' id='word_1_2' title='bbox 729 156 873 190; x_wconf 83' lang='lat' dir='ltr'>LIBER</span> <span class='ocrx_word' id='word_1_3' title='bbox 898 155 1064 190; x_wconf 85' lang='lat' dir='ltr'>XXVIII.</span> <span class='ocrx_word' id='word_1_4' title='bbox 1114 154 1214 190; x_wconf 85' lang='lat' dir='ltr'>CAP.</span> <span class='ocrx_word' id='word_1_5' title='bbox 1244 161 1274 192; x_wconf 82' lang='lat'>6.</span> <span class='ocrx_word' id='word_1_6' title='bbox 1304 162 1333 191; x_wconf 84' lang='lat'>7.</span> <span class='ocrx_word' id='word_1_7' title='bbox 1655 173 1680 192; x_wconf 73' lang='lat' dir='ltr'>a.</span> <span class='ocrx_word' id='word_1_8' title='bbox 1700 174 1728 191; x_wconf 88' lang='lat' dir='ltr'>u.</span> <span class='ocrx_word' id='word_1_9' title='bbox 1748 167 1810 193; x_wconf 80' lang='grc'><strong>547.</strong></span> 
     </span>
     <span class='ocr_line' id='line_1_2' title="bbox 257 261 1812 318; baseline 0 -13"><span class='ocrx_word' id='word_1_10' title='bbox 257 263 353 305; x_wconf 89' lang='lat' dir='ltr'>inde</span> <span class='ocrx_word' id='word_1_11' title='bbox 380 264 432 305; x_wconf 92' lang='lat' dir='ltr'>ad</span> <span class='ocrx_word' id='word_1_12' title='bbox 460 262 628 317; x_wconf 86' lang='lat' dir='ltr'>Cynum</span> <span class='ocrx_word' id='word_1_13' title='bbox 654 261 847 303; x_wconf 85' lang='lat' dir='ltr'>Locridis</span> <span class='ocrx_word' id='word_1_14' title='bbox 874 286 928 291; x_wconf 87' lang='lat'>—</span> <span class='ocrx_word' id='word_1_15' title='bbox 962 262 1197 315; x_wconf 86' lang='lat' dir='ltr'>emporium</span> <span class='ocrx_word' id='word_1_16' title='bbox 1222 261 1265 303; x_wconf 90' lang='lat' dir='ltr'>id</span> <span class='ocrx_word' id='word_1_17' title='bbox 1292 265 1357 303; x_wconf 88' lang='lat' dir='ltr'>est</span> <span class='ocrx_word' id='word_1_18' title='bbox 1380 264 1498 305; x_wconf 90' lang='lat' dir='ltr'>urbis</span> <span class='ocrx_word' id='word_1_19' title='bbox 1525 263 1812 318; x_wconf 73' lang='lat' dir='ltr'>Opuntiorum</span> 
     </span>
     <span class='ocr_line' id='line_1_3' title="bbox 259 320 1248 375; baseline -0.003 -11"><span class='ocrx_word' id='word_1_20' title='bbox 259 323 376 364; x_wconf 91' lang='lat' dir='ltr'>mille</span> <span class='ocrx_word' id='word_1_21' title='bbox 409 335 611 375; x_wconf 85' lang='lat' dir='ltr'>passuum</span> <span class='ocrx_word' id='word_1_22' title='bbox 645 334 669 360; x_wconf 91' lang='lat' dir='ltr'>a</span> <span class='ocrx_word' id='word_1_23' title='bbox 700 320 809 361; x_wconf 89' lang='lat' dir='ltr'>mari</span> <span class='ocrx_word' id='word_1_24' title='bbox 842 320 949 361; x_wconf 87' lang='lat' dir='ltr'>sitae</span> <span class='ocrx_word' id='word_1_25' title='bbox 984 344 1034 349; x_wconf 96' lang='lat'><strong>—</strong></span> <span class='ocrx_word' id='word_1_26' title='bbox 1069 320 1248 361; x_wconf 88' lang='lat' dir='ltr'>traiecit.</span> 
     </span>
    </p>

    <p class='ocr_par' dir='ltr' id='par_1_2' title="bbox 216 377 1813 551">
     <span class='ocr_line' id='line_1_4' title="bbox 216 377 1813 433; baseline 0.004 -16"><span class='ocrx_word' id='word_1_27' title='bbox 216 382 233 417; x_wconf 82' lang='lat'>7</span> <span class='ocrx_word' id='word_1_28' title='bbox 380 380 624 432; x_wconf 88' lang='lat' dir='ltr'>Philippum</span> <span class='ocrx_word' id='word_1_29' title='bbox 662 383 706 419; x_wconf 92' lang='lat' dir='ltr'>et</span> <span class='ocrx_word' id='word_1_30' title='bbox 741 379 864 433; x_wconf 88' lang='lat' dir='ltr'>ignes</span> <span class='ocrx_word' id='word_1_31' title='bbox 903 379 955 420; x_wconf 89' lang='lat' dir='ltr'>ab</span> <span class='ocrx_word' id='word_1_32' title='bbox 989 377 1098 420; x_wconf 91' lang='lat' dir='ltr'>Oreo</span> <span class='ocrx_word' id='word_1_33' title='bbox 1130 378 1234 420; x_wconf 92' lang='lat' dir='ltr'>editi</span> <span class='ocrx_word' id='word_1_34' title='bbox 1266 383 1535 433; x_wconf 78' lang='lat' dir='ltr'>monuerant,</span> <span class='ocrx_word' id='word_1_35' title='bbox 1574 381 1647 422; x_wconf 91' lang='lat' dir='ltr'>sed</span> <span class='ocrx_word' id='word_1_36' title='bbox 1679 382 1813 423; x_wconf 85' lang='lat' dir='ltr'>serius</span> 
     </span>
     <span class='ocr_line' id='line_1_5' title="bbox 260 437 1812 491; baseline 0.001 -12"><span class='ocrx_word' id='word_1_37' title='bbox 260 438 446 480; x_wconf 84' lang='lat' dir='ltr'>Platoris</span> <span class='ocrx_word' id='word_1_38' title='bbox 479 437 625 478; x_wconf 86' lang='lat' dir='ltr'>fraude</span> <span class='ocrx_word' id='word_1_39' title='bbox 665 451 715 477; x_wconf 84' lang='lat' dir='ltr'>ex</span> <span class='ocrx_word' id='word_1_40' title='bbox 753 438 927 491; x_wconf 89' lang='lat' dir='ltr'>specula</span> <span class='ocrx_word' id='word_1_41' title='bbox 965 437 1083 491; x_wconf 83' lang='lat' dir='ltr'>elati3</span> <span class='ocrx_word' id='word_1_42' title='bbox 1125 440 1168 478; x_wconf 92' lang='lat' dir='ltr'>et</span> <span class='ocrx_word' id='word_1_43' title='bbox 1199 437 1341 491; x_wconf 91' lang='lat' dir='ltr'>inpari</span> <span class='ocrx_word' id='word_1_44' title='bbox 1379 439 1619 480; x_wconf 86' lang='lat' dir='ltr'>maritumis</span> <span class='ocrx_word' id='word_1_45' title='bbox 1652 440 1812 481; x_wconf 87' lang='lat' dir='ltr'>viribus</span> 
     </span>
     <span class='ocr_line' id='line_1_6' title="bbox 260 495 1813 551; baseline 0.001 -14"><span class='ocrx_word' id='word_1_46' title='bbox 260 495 372 538; x_wconf 86' lang='lat' dir='ltr'>haud</span> <span class='ocrx_word' id='word_1_47' title='bbox 398 495 538 536; x_wconf 88' lang='lat' dir='ltr'>facilis</span> <span class='ocrx_word' id='word_1_48' title='bbox 566 498 656 537; x_wconf 87' lang='lat' dir='ltr'>erat</span> <span class='ocrx_word' id='word_1_49' title='bbox 681 496 725 536; x_wconf 92' lang='lat' dir='ltr'>in</span> <span class='ocrx_word' id='word_1_50' title='bbox 750 496 935 537; x_wconf 90' lang='lat' dir='ltr'>insulam</span> <span class='ocrx_word' id='word_1_51' title='bbox 962 496 1088 537; x_wconf 84' lang='lat' dir='ltr'>classi</span> <span class='ocrx_word' id='word_1_52' title='bbox 1115 509 1321 537; x_wconf 85' lang='lat' dir='ltr'>accessus.</span> <span class='ocrx_word' id='word_1_53' title='bbox 1365 496 1426 536; x_wconf 87' lang='lat' dir='ltr'>ita</span> <span class='ocrx_word' id='word_1_54' title='bbox 1450 510 1518 538; x_wconf 89' lang='lat' dir='ltr'>res</span> <span class='ocrx_word' id='word_1_55' title='bbox 1544 512 1619 551; x_wconf 88' lang='lat' dir='ltr'>per</span> <span class='ocrx_word' id='word_1_56' title='bbox 1644 502 1813 539; x_wconf 83' lang='lat' dir='ltr'>cuncta-</span> 
     </span>
    </p>

    <p class='ocr_par' dir='ltr' id='par_1_3' title="bbox 213 553 1816 785">
     <span class='ocr_line' id='line_1_7' title="bbox 213 553 1814 610; baseline 0.002 -15"><span class='ocrx_word' id='word_1_57' title='bbox 213 565 233 595; x_wconf 80' lang='lat'>2</span> <span class='ocrx_word' id='word_1_58' title='bbox 259 555 420 596; x_wconf 89' lang='lat' dir='ltr'>tionem</span> <span class='ocrx_word' id='word_1_59' title='bbox 460 554 629 595; x_wconf 88' lang='lat' dir='ltr'>omissa.</span> <span class='ocrx_word' id='word_1_60' title='bbox 698 554 750 595; x_wconf 89' lang='lat' dir='ltr'>ad</span> <span class='ocrx_word' id='word_1_61' title='bbox 792 553 1007 596; x_wconf 83' lang='lat' dir='ltr'>Chalcidis</span> <span class='ocrx_word' id='word_1_62' title='bbox 1046 554 1268 607; x_wconf 88' lang='lat' dir='ltr'>auxilium,</span> <span class='ocrx_word' id='word_1_63' title='bbox 1312 554 1384 595; x_wconf 93' lang='lat' dir='ltr'>ubi</span> <span class='ocrx_word' id='word_1_64' title='bbox 1422 554 1593 609; x_wconf 86' lang='lat' dir='ltr'>signum</span> <span class='ocrx_word' id='word_1_65' title='bbox 1638 557 1814 610; x_wconf 87' lang='lat' dir='ltr'>accepit,</span> 
     </span>
     <span class='ocr_line' id='line_1_8' title="bbox 259 611 1811 667; baseline 0.002 -14"><span class='ocrx_word' id='word_1_66' title='bbox 259 613 440 667; x_wconf 84' lang='lat' dir='ltr'>impigre</span> <span class='ocrx_word' id='word_1_67' title='bbox 479 616 544 654; x_wconf 90' lang='lat' dir='ltr'>est</span> <span class='ocrx_word' id='word_1_68' title='bbox 580 616 744 666; x_wconf 82' lang='lat' dir='ltr'>motus3</span> <span class='ocrx_word' id='word_1_69' title='bbox 782 627 883 654; x_wconf 92' lang='lat' dir='ltr'>nam</span> <span class='ocrx_word' id='word_1_70' title='bbox 924 617 966 655; x_wconf 88' lang='lat' dir='ltr'>et</span> <span class='ocrx_word' id='word_1_71' title='bbox 1003 614 1097 667; x_wconf 88' lang='lat' dir='ltr'>ipsa</span> <span class='ocrx_word' id='word_1_72' title='bbox 1130 611 1301 654; x_wconf 87' lang='lat' dir='ltr'>Chalcis</span> <span class='ocrx_word' id='word_1_73' title='bbox 1334 627 1592 667; x_wconf 89' lang='lat' dir='ltr'>quamquam</span> <span class='ocrx_word' id='word_1_74' title='bbox 1625 614 1811 656; x_wconf 89' lang='lat' dir='ltr'>eiusdem</span> 
     </span>
     <span class='ocr_line' id='line_1_9' title="bbox 259 671 1815 727; baseline 0.001 -15"><span class='ocrx_word' id='word_1_75' title='bbox 259 672 426 712; x_wconf 88' lang='lat' dir='ltr'>insulae</span> <span class='ocrx_word' id='word_1_76' title='bbox 451 671 554 713; x_wconf 89' lang='lat' dir='ltr'>urbs</span> <span class='ocrx_word' id='word_1_77' title='bbox 582 674 658 725; x_wconf 89' lang='lat' dir='ltr'>est,</span> <span class='ocrx_word' id='word_1_78' title='bbox 683 675 830 713; x_wconf 89' lang='lat' dir='ltr'>tamen</span> <span class='ocrx_word' id='word_1_79' title='bbox 856 672 961 713; x_wconf 89' lang='lat' dir='ltr'>adeo</span> <span class='ocrx_word' id='word_1_80' title='bbox 989 675 1082 712; x_wconf 88' lang='lat' dir='ltr'>arto</span> <span class='ocrx_word' id='word_1_81' title='bbox 1108 671 1433 713; x_wconf 76' lang='lat' dir='ltr'>interscinditur</span> <span class='ocrx_word' id='word_1_82' title='bbox 1458 671 1580 725; x_wconf 86' lang='lat' dir='ltr'>freto,</span> <span class='ocrx_word' id='word_1_83' title='bbox 1612 676 1660 713; x_wconf 92' lang='lat' dir='ltr'>ut</span> <span class='ocrx_word' id='word_1_84' title='bbox 1683 676 1815 727; x_wconf 89' lang='lat' dir='ltr'>ponte</span> 
     </span>
     <span class='ocr_line' id='line_1_10' title="bbox 260 730 1816 785; baseline 0.001 -14"><span class='ocrx_word' id='word_1_85' title='bbox 260 730 493 771; x_wconf 85' lang='lat' dir='ltr'>continenti</span> <span class='ocrx_word' id='word_1_86' title='bbox 543 731 747 783; x_wconf 86' lang='lat' dir='ltr'>iungatur</span> <span class='ocrx_word' id='word_1_87' title='bbox 789 735 988 784; x_wconf 89' lang='lat' dir='ltr'>terraque</span> <span class='ocrx_word' id='word_1_88' title='bbox 1037 731 1198 771; x_wconf 86' lang='lat' dir='ltr'>aditum</span> <span class='ocrx_word' id='word_1_89' title='bbox 1247 730 1480 772; x_wconf 87' lang='lat' dir='ltr'>faciliorem</span> <span class='ocrx_word' id='word_1_90' title='bbox 1532 745 1658 785; x_wconf 85' lang='lat' dir='ltr'>quam</span> <span class='ocrx_word' id='word_1_91' title='bbox 1708 731 1816 772; x_wconf 87' lang='lat' dir='ltr'>mari</span> 
     </span>
    </p>

    <p class='ocr_par' dir='ltr' id='par_1_4' title="bbox 213 787 1816 1020">
     <span class='ocr_line' id='line_1_11' title="bbox 213 787 1816 843; baseline 0.001 -14"><span class='ocrx_word' id='word_1_92' title='bbox 213 799 232 829; x_wconf 87' lang='lat'><strong>3</strong></span> <span class='ocrx_word' id='word_1_93' title='bbox 259 788 430 830; x_wconf 85' lang='lat' dir='ltr'>habeat.</span> <span class='ocrx_word' id='word_1_94' title='bbox 493 789 626 843; x_wconf 87' lang='lat' dir='ltr'>igitur</span> <span class='ocrx_word' id='word_1_95' title='bbox 663 788 888 843; x_wconf 87' lang='lat' dir='ltr'>Philippus</span> <span class='ocrx_word' id='word_1_96' title='bbox 927 789 981 829; x_wconf 88' lang='lat' dir='ltr'>ab</span> <span class='ocrx_word' id='word_1_97' title='bbox 1019 788 1289 830; x_wconf 83' lang='lat' dir='ltr'>Demetriade</span> <span class='ocrx_word' id='word_1_98' title='bbox 1328 787 1594 842; x_wconf 87' lang='lat' dir='ltr'>Scotussam,</span> <span class='ocrx_word' id='word_1_99' title='bbox 1631 789 1727 830; x_wconf 92' lang='lat' dir='ltr'>inde</span> <span class='ocrx_word' id='word_1_100' title='bbox 1766 789 1816 830; x_wconf 91' lang='lat' dir='ltr'>de</span> 
     </span>
     <span class='ocr_line' id='line_1_12' title="bbox 259 847 1816 903; baseline 0 -15"><span class='ocrx_word' id='word_1_101' title='bbox 259 847 387 888; x_wconf 89' lang='lat' dir='ltr'>tertia</span> <span class='ocrx_word' id='word_1_102' title='bbox 419 847 567 902; x_wconf 87' lang='lat' dir='ltr'>vigilia</span> <span class='ocrx_word' id='word_1_103' title='bbox 599 847 816 902; x_wconf 86' lang='lat' dir='ltr'>profectus</span> <span class='ocrx_word' id='word_1_104' title='bbox 855 847 1018 889; x_wconf 87' lang='lat' dir='ltr'>deiecto</span> <span class='ocrx_word' id='word_1_105' title='bbox 1051 847 1264 901; x_wconf 89' lang='lat' dir='ltr'>praesidio</span> <span class='ocrx_word' id='word_1_106' title='bbox 1296 847 1487 902; x_wconf 89' lang='lat' dir='ltr'>fusisque</span> <span class='ocrx_word' id='word_1_107' title='bbox 1520 848 1707 901; x_wconf 87' lang='lat' dir='ltr'>Aetolis,</span> <span class='ocrx_word' id='word_1_108' title='bbox 1744 848 1816 903; x_wconf 89' lang='lat' dir='ltr'>qui</span> 
     </span>
     <span class='ocr_line' id='line_1_13' title="bbox 261 905 1816 961; baseline 0.001 -14"><span class='ocrx_word' id='word_1_109' title='bbox 261 906 419 947; x_wconf 90' lang='lat' dir='ltr'>saltum</span> <span class='ocrx_word' id='word_1_110' title='bbox 451 905 833 961; x_wconf 84' lang='lat' dir='ltr'>Thermopylarum</span> <span class='ocrx_word' id='word_1_111' title='bbox 867 905 1130 959; x_wconf 86' lang='lat' dir='ltr'>insidebant,</span> <span class='ocrx_word' id='word_1_112' title='bbox 1163 920 1259 947; x_wconf 93' lang='lat' dir='ltr'>cum</span> <span class='ocrx_word' id='word_1_113' title='bbox 1290 907 1480 960; x_wconf 86' lang='lat' dir='ltr'>trepidos</span> <span class='ocrx_word' id='word_1_114' title='bbox 1512 907 1651 948; x_wconf 87' lang='lat' dir='ltr'>hostis</span> <span class='ocrx_word' id='word_1_115' title='bbox 1684 906 1816 948; x_wconf 84' lang='lat' dir='ltr'>Hera-</span> 
     </span>
     <span class='ocr_line' id='line_1_14' title="bbox 261 964 1816 1020; baseline 0.001 -15"><span class='ocrx_word' id='word_1_116' title='bbox 261 965 394 1005; x_wconf 90' lang='lat' dir='ltr'>cleam</span> <span class='ocrx_word' id='word_1_117' title='bbox 422 965 711 1018; x_wconf 78' lang='lat' dir='ltr'>compulisset,</span> <span class='ocrx_word' id='word_1_118' title='bbox 738 965 830 1019; x_wconf 90' lang='lat' dir='ltr'>ipse</span> <span class='ocrx_word' id='word_1_119' title='bbox 855 980 940 1006; x_wconf 91' lang='lat' dir='ltr'>uno</span> <span class='ocrx_word' id='word_1_120' title='bbox 968 965 1035 1006; x_wconf 88' lang='lat' dir='ltr'>die</span> <span class='ocrx_word' id='word_1_121' title='bbox 1055 964 1256 1006; x_wconf 87' lang='lat' dir='ltr'>Phocidis</span> <span class='ocrx_word' id='word_1_122' title='bbox 1275 964 1466 1006; x_wconf 88' lang='lat' dir='ltr'>Elatiam</span> <span class='ocrx_word' id='word_1_123' title='bbox 1492 966 1614 1006; x_wconf 87' lang='lat' dir='ltr'>milia</span> <span class='ocrx_word' id='word_1_124' title='bbox 1634 965 1816 1020; x_wconf 83' lang='lat' dir='ltr'>amplius</span> 
     </span>
    </p>

    <p class='ocr_par' dir='ltr' id='par_1_5' title="bbox 210 1023 1817 1196">
     <span class='ocr_line' id='line_1_15' title="bbox 210 1023 1815 1079; baseline 0.001 -15"><span class='ocrx_word' id='word_1_125' title='bbox 210 1034 231 1064; x_wconf 83' lang='lat'>4</span> <span class='ocrx_word' id='word_1_126' title='bbox 259 1024 484 1078; x_wconf 84' lang='lat' dir='ltr'>sexaginta</span> <span class='ocrx_word' id='word_1_127' title='bbox 516 1024 745 1065; x_wconf 86' lang='lat' dir='ltr'>contendit.</span> <span class='ocrx_word' id='word_1_128' title='bbox 809 1024 954 1065; x_wconf 87' lang='lat' dir='ltr'>eodem</span> <span class='ocrx_word' id='word_1_129' title='bbox 987 1024 1120 1065; x_wconf 87' lang='lat' dir='ltr'>ferme</span> <span class='ocrx_word' id='word_1_130' title='bbox 1159 1023 1227 1064; x_wconf 89' lang='lat' dir='ltr'>die</span> <span class='ocrx_word' id='word_1_131' title='bbox 1265 1024 1318 1065; x_wconf 90' lang='lat' dir='ltr'>ab</span> <span class='ocrx_word' id='word_1_132' title='bbox 1352 1024 1501 1065; x_wconf 88' lang='lat' dir='ltr'>Attalo</span> <span class='ocrx_word' id='word_1_133' title='bbox 1540 1038 1640 1079; x_wconf 88' lang='lat' dir='ltr'>rege</span> <span class='ocrx_word' id='word_1_134' title='bbox 1673 1024 1815 1078; x_wconf 89' lang='lat' dir='ltr'>Opun-</span> 
     </span>
     <span class='ocr_line' id='line_1_16' title="bbox 257 1082 1817 1137; baseline 0.001 -14"><span class='ocrx_word' id='word_1_135' title='bbox 257 1083 416 1123; x_wconf 85' lang='lat' dir='ltr'>tiorum</span> <span class='ocrx_word' id='word_1_136' title='bbox 449 1083 551 1124; x_wconf 90' lang='lat' dir='ltr'>urbs</span> <span class='ocrx_word' id='word_1_137' title='bbox 583 1085 709 1136; x_wconf 85' lang='lat' dir='ltr'>capta</span> <span class='ocrx_word' id='word_1_138' title='bbox 734 1083 1028 1137; x_wconf 86' lang='lat' dir='ltr'>diripiebatur.</span> <span class='ocrx_word' id='word_1_139' title='bbox 1079 1086 1350 1124; x_wconf 89' lang='lat' dir='ltr'>concesserat</span> <span class='ocrx_word' id='word_1_140' title='bbox 1375 1097 1469 1124; x_wconf 89' lang='lat' dir='ltr'>eam</span> <span class='ocrx_word' id='word_1_141' title='bbox 1495 1083 1587 1137; x_wconf 91' lang='lat' dir='ltr'>regi</span> <span class='ocrx_word' id='word_1_142' title='bbox 1613 1082 1817 1136; x_wconf 88' lang='lat' dir='ltr'>praedam</span> 
     </span>
     <span class='ocr_line' id='line_1_17' title="bbox 259 1139 1817 1196; baseline 0 -14"><span class='ocrx_word' id='word_1_143' title='bbox 259 1139 494 1195; x_wconf 84' lang='lat' dir='ltr'>Sulpicius,</span> <span class='ocrx_word' id='word_1_144' title='bbox 539 1141 639 1196; x_wconf 87' lang='lat' dir='ltr'>quia</span> <span class='ocrx_word' id='word_1_145' title='bbox 677 1140 834 1183; x_wconf 89' lang='lat' dir='ltr'>Oreum</span> <span class='ocrx_word' id='word_1_146' title='bbox 879 1156 1037 1196; x_wconf 88' lang='lat' dir='ltr'>paucos</span> <span class='ocrx_word' id='word_1_147' title='bbox 1077 1144 1175 1182; x_wconf 90' lang='lat' dir='ltr'>ante</span> <span class='ocrx_word' id='word_1_148' title='bbox 1219 1141 1308 1182; x_wconf 88' lang='lat' dir='ltr'>dies</span> <span class='ocrx_word' id='word_1_149' title='bbox 1353 1141 1407 1182; x_wconf 87' lang='lat' dir='ltr'>ab</span> <span class='ocrx_word' id='word_1_150' title='bbox 1445 1140 1641 1182; x_wconf 85' lang='lat' dir='ltr'>Romano</span> <span class='ocrx_word' id='word_1_151' title='bbox 1683 1142 1817 1182; x_wconf 89' lang='lat' dir='ltr'>milite</span> 
     </span>
    </p>

    <p class='ocr_par' dir='ltr' id='par_1_6' title="bbox 211 1199 1819 1314">
     <span class='ocr_line' id='line_1_18' title="bbox 211 1199 1817 1267; baseline 0.001 -27"><span class='ocrx_word' id='word_1_152' title='bbox 211 1212 231 1241; x_wconf 82' lang='lat'>5</span> <span class='ocrx_word' id='word_1_153' title='bbox 259 1200 504 1254; x_wconf 84' lang='lat' dir='ltr'>expertibus</span> <span class='ocrx_word' id='word_1_154' title='bbox 537 1200 668 1255; x_wconf 88' lang='lat' dir='ltr'>regiis</span> <span class='ocrx_word' id='word_1_155' title='bbox 695 1200 911 1267; x_wconf 80' lang='lat' dir='ltr'>direptum</span> <span class='ocrx_word' id='word_1_156' title='bbox 936 1201 1086 1241; x_wconf 85' lang='lat' dir='ltr'>fuerat.</span> <span class='ocrx_word' id='word_1_157' title='bbox 1136 1199 1332 1242; x_wconf 88' lang='lat' dir='ltr'>Romana</span> <span class='ocrx_word' id='word_1_158' title='bbox 1360 1200 1509 1241; x_wconf 89' lang='lat' dir='ltr'>classis</span> <span class='ocrx_word' id='word_1_159' title='bbox 1536 1199 1691 1241; x_wconf 89' lang='lat' dir='ltr'>Oreum</span> <span class='ocrx_word' id='word_1_160' title='bbox 1725 1214 1817 1241; x_wconf 86' lang='lat' dir='ltr'>sese</span> 
     </span>
     <span class='ocr_line' id='line_1_19' title="bbox 258 1236 1819 1324; baseline 0 -25"><span class='ocrx_word' id='word_1_161' title='bbox 258 1261 496 1313; x_wconf 84' lang='lat' dir='ltr'>receperat,</span> <span class='ocrx_word' id='word_1_162' title='bbox 546 1236 612 1299; x_wconf 60' lang='lat' dir='ltr'>eto</span> <span class='ocrx_word' id='word_1_163' title='bbox 631 1258 806 1300; x_wconf 86' lang='lat' dir='ltr'>Attalus</span> <span class='ocrx_word' id='word_1_164' title='bbox 850 1260 1026 1314; x_wconf 87' lang='lat' dir='ltr'>ignarus</span> <span class='ocrx_word' id='word_1_165' title='bbox 1073 1258 1278 1300; x_wconf 85' lang='lat' dir='ltr'>adventus</span> <span class='ocrx_word' id='word_1_166' title='bbox 1322 1258 1511 1312; x_wconf 89' lang='lat' dir='ltr'>Philippi</span> <span class='ocrx_word' id='word_1_167' title='bbox 1556 1259 1747 1324; x_wconf 79' lang='lat' dir='ltr'>pecuniis</span> <span class='ocrx_word' id='word_1_168' title='bbox 1793 1272 1819 1299; x_wconf 85' lang='lat' dir='ltr'>a</span> 
     </span>
    </p>

    <p class='ocr_par' dir='ltr' id='par_1_7' title="bbox 212 1317 1820 1490">
     <span class='ocr_line' id='line_1_20' title="bbox 212 1317 1817 1383; baseline -0.001 -24"><span class='ocrx_word' id='word_1_169' title='bbox 212 1329 231 1359; x_wconf 84' lang='grc'><strong>6</strong></span> <span class='ocrx_word' id='word_1_170' title='bbox 258 1317 523 1383; x_wconf 80' lang='lat' dir='ltr'>principibus</span> <span class='ocrx_word' id='word_1_171' title='bbox 564 1317 784 1372; x_wconf 83' lang='lat' dir='ltr'>exigendis</span> <span class='ocrx_word' id='word_1_172' title='bbox 823 1319 991 1359; x_wconf 87' lang='lat' dir='ltr'>terebat</span> <span class='ocrx_word' id='word_1_173' title='bbox 1027 1320 1216 1372; x_wconf 75' lang='lat' dir='ltr'>tempus,</span> <span class='ocrx_word' id='word_1_174' title='bbox 1262 1317 1451 1372; x_wconf 83' lang='lat' dir='ltr'>adeoque</span> <span class='ocrx_word' id='word_1_175' title='bbox 1490 1317 1707 1372; x_wconf 86' lang='lat' dir='ltr'>inprovisa</span> <span class='ocrx_word' id='word_1_176' title='bbox 1750 1331 1817 1358; x_wconf 88' lang='lat' dir='ltr'>res</span> 
     </span>
     <span class='ocr_line' id='line_1_21' title="bbox 257 1375 1817 1432; baseline 0 -16"><span class='ocrx_word' id='word_1_177' title='bbox 257 1376 349 1430; x_wconf 85' lang='lat' dir='ltr'>fuit,</span> <span class='ocrx_word' id='word_1_178' title='bbox 382 1379 441 1429; x_wconf 87' lang='lat' dir='ltr'>ut,</span> <span class='ocrx_word' id='word_1_179' title='bbox 474 1376 557 1417; x_wconf 86' lang='lat' dir='ltr'>nisi</span> <span class='ocrx_word' id='word_1_180' title='bbox 590 1375 856 1418; x_wconf 86' lang='lat' dir='ltr'>Cretensium</span> <span class='ocrx_word' id='word_1_181' title='bbox 890 1377 1062 1432; x_wconf 87' lang='lat' dir='ltr'>quidam</span> <span class='ocrx_word' id='word_1_182' title='bbox 1094 1377 1205 1418; x_wconf 83' lang='lat' dir='ltr'>forte</span> <span class='ocrx_word' id='word_1_183' title='bbox 1231 1376 1483 1431; x_wconf 87' lang='lat' dir='ltr'>pabulatum</span> <span class='ocrx_word' id='word_1_184' title='bbox 1511 1376 1565 1418; x_wconf 90' lang='lat' dir='ltr'>ab</span> <span class='ocrx_word' id='word_1_185' title='bbox 1592 1376 1697 1418; x_wconf 89' lang='lat' dir='ltr'>urbe</span> <span class='ocrx_word' id='word_1_186' title='bbox 1727 1376 1817 1418; x_wconf 89' lang='lat' dir='ltr'>lon—</span> 
     </span>
     <span class='ocr_line' id='line_1_22' title="bbox 258 1435 1820 1490; baseline -0.001 -14"><span class='ocrx_word' id='word_1_187' title='bbox 258 1435 354 1489; x_wconf 90' lang='lat' dir='ltr'>gius</span> <span class='ocrx_word' id='word_1_188' title='bbox 395 1436 614 1490; x_wconf 84' lang='lat' dir='ltr'>progressi</span> <span class='ocrx_word' id='word_1_189' title='bbox 653 1450 807 1490; x_wconf 87' lang='lat' dir='ltr'>agmen</span> <span class='ocrx_word' id='word_1_190' title='bbox 844 1436 1034 1477; x_wconf 91' lang='lat' dir='ltr'>hostium</span> <span class='ocrx_word' id='word_1_191' title='bbox 1072 1436 1219 1489; x_wconf 88' lang='lat' dir='ltr'>procul</span> <span class='ocrx_word' id='word_1_192' title='bbox 1258 1436 1599 1490; x_wconf 81' lang='lat' dir='ltr'>conspexissent,</span> <span class='ocrx_word' id='word_1_193' title='bbox 1637 1435 1820 1489; x_wconf 82' lang='lat' dir='ltr'>opprimi</span> 
     </span>
    </p>

    <p class='ocr_par' dir='ltr' id='par_1_8' title="bbox 215 1493 1819 1548">
     <span class='ocr_line' id='line_1_23' title="bbox 215 1493 1819 1548; baseline 0.001 -14"><span class='ocrx_word' id='word_1_194' title='bbox 215 1505 232 1535; x_wconf 81' lang='grc'><strong>7</strong></span> <span class='ocrx_word' id='word_1_195' title='bbox 260 1494 461 1548; x_wconf 90' lang='lat' dir='ltr'>potuerit.</span> <span class='ocrx_word' id='word_1_196' title='bbox 536 1494 709 1536; x_wconf 83' lang='lat' dir='ltr'>Attalus</span> <span class='ocrx_word' id='word_1_197' title='bbox 753 1495 930 1536; x_wconf 90' lang='lat' dir='ltr'>inermis</span> <span class='ocrx_word' id='word_1_198' title='bbox 981 1497 1109 1548; x_wconf 89' lang='lat' dir='ltr'>atque</span> <span class='ocrx_word' id='word_1_199' title='bbox 1153 1495 1461 1548; x_wconf 89' lang='lat' dir='ltr'>incompositus</span> <span class='ocrx_word' id='word_1_200' title='bbox 1512 1508 1636 1536; x_wconf 90' lang='lat' dir='ltr'>cursu</span> <span class='ocrx_word' id='word_1_201' title='bbox 1687 1493 1819 1535; x_wconf 88' lang='lat' dir='ltr'>effuso</span> 
     </span>
    </p>
   </div>
   <div class='ocr_carea' id='block_1_2' title="bbox 258 1597 1006 1737">
    <p class='ocr_par' dir='ltr' id='par_1_9' title="bbox 258 1597 1006 1737">
     <span class='ocr_line' id='line_1_24' title="bbox 309 1597 1005 1644; baseline 0.001 -13"><span class='ocrx_word' id='word_1_202' title='bbox 309 1597 448 1643; x_wconf 77' lang='lat' dir='ltr'>Cynum</span> <span class='ocrx_word' id='word_1_203' title='bbox 469 1597 653 1644; x_wconf 63' lang='lat' dir='ltr'>Locridis]</span> <span class='ocrx_word' id='word_1_204' title='bbox 678 1598 753 1643; x_wconf 87' lang='lat' dir='ltr'>vgl.</span> <span class='ocrx_word' id='word_1_205' title='bbox 775 1602 794 1640; x_wconf 65' lang='grc' dir='ltr'>ξ</span> <span class='ocrx_word' id='word_1_206' title='bbox 818 1603 835 1632; x_wconf 81' lang='grc'><strong>7</strong></span> <span class='ocrx_word' id='word_1_207' title='bbox 857 1598 1005 1633; x_wconf 73' lang='lat' dir='ltr'>Phthio-</span> 
     </span>
     <span class='ocr_line' id='line_1_25' title="bbox 258 1645 1006 1687; baseline 0.001 -8"><span class='ocrx_word' id='word_1_208' title='bbox 258 1645 366 1687; x_wconf 72' lang='lat' dir='ltr'>tidis,</span> <span class='ocrx_word' id='word_1_209' title='bbox 413 1656 451 1679; x_wconf 86' lang='lat' dir='ltr'>es</span> <span class='ocrx_word' id='word_1_210' title='bbox 495 1645 545 1679; x_wconf 89' lang='lat' dir='ltr'>ist</span> <span class='ocrx_word' id='word_1_211' title='bbox 583 1645 642 1679; x_wconf 86' lang='lat' dir='ltr'>die</span> <span class='ocrx_word' id='word_1_212' title='bbox 679 1646 904 1680; x_wconf 86' lang='lat' dir='ltr'>Hafenstadt</span> <span class='ocrx_word' id='word_1_213' title='bbox 942 1645 1006 1680; x_wconf 89' lang='lat' dir='ltr'>der</span> 
     </span>
     <span class='ocr_line' id='line_1_26' title="bbox 258 1691 1006 1737; baseline 0.003 -12"><span class='ocrx_word' id='word_1_214' title='bbox 258 1691 504 1736; x_wconf 84' lang='lat' dir='ltr'>opuntischen</span> <span class='ocrx_word' id='word_1_215' title='bbox 536 1692 691 1737; x_wconf 86' lang='lat' dir='ltr'>Lokrer,</span> <span class='ocrx_word' id='word_1_216' title='bbox 729 1692 898 1727; x_wconf 68' lang='lat' dir='ltr'>nordlich</span> <span class='ocrx_word' id='word_1_217' title='bbox 933 1702 1006 1727; x_wconf 85' lang='lat' dir='ltr'>von</span> 
     </span>
    </p>
   </div>
   <div class='ocr_carea' id='block_1_3' title="bbox 208 1738 370 1783">
    <p class='ocr_par' dir='ltr' id='par_1_10' title="bbox 208 1738 370 1783">
     <span class='ocr_line' id='line_1_27' title="bbox 208 1738 370 1783; baseline 0 -10"><span class='ocrx_word' id='word_1_218' title='bbox 208 1756 212 1759; x_wconf 97' lang='lat'>·</span> <span class='ocrx_word' id='word_1_219' title='bbox 259 1738 370 1783; x_wconf 89' lang='lat' dir='ltr'>Opus.</span> 
     </span>
    </p>
   </div>
   <div class='ocr_carea' id='block_1_4' title="bbox 257 1786 1006 2350">
    <p class='ocr_par' dir='ltr' id='par_1_11' title="bbox 257 1786 1004 2111">
     <span class='ocr_line' id='line_1_28' title="bbox 306 1786 1004 1832; baseline 0.001 -12"><span class='ocrx_word' id='word_1_220' title='bbox 306 1796 339 1820; x_wconf 90' lang='lat' dir='ltr'>c.</span> <span class='ocrx_word' id='word_1_221' title='bbox 371 1786 405 1829; x_wconf 77' lang='lat'>7,</span> <span class='ocrx_word' id='word_1_222' title='bbox 434 1790 450 1820; x_wconf 87' lang='lat'>1</span> <span class='ocrx_word' id='word_1_223' title='bbox 479 1787 580 1832; x_wconf 65' lang='lat' dir='ltr'>ignes</span> <span class='ocrx_word' id='word_1_224' title='bbox 605 1787 649 1821; x_wconf 86' lang='lat' dir='ltr'>ab</span> <span class='ocrx_word' id='word_1_225' title='bbox 675 1786 764 1822; x_wconf 84' lang='lat' dir='ltr'>Oreo</span> <span class='ocrx_word' id='word_1_226' title='bbox 789 1787 893 1832; x_wconf 76' lang='lat' dir='ltr'>editi]</span> <span class='ocrx_word' id='word_1_227' title='bbox 921 1787 1004 1830; x_wconf 86' lang='lat' dir='ltr'>„die</span> 
     </span>
     <span class='ocr_line' id='line_1_29' title="bbox 260 1832 1003 1879; baseline 0.004 -13"><span class='ocrx_word' id='word_1_228' title='bbox 260 1833 298 1866; x_wconf 87' lang='lat' dir='ltr'>in</span> <span class='ocrx_word' id='word_1_229' title='bbox 321 1832 455 1867; x_wconf 86' lang='lat' dir='ltr'>Oreum</span> <span class='ocrx_word' id='word_1_230' title='bbox 483 1833 698 1878; x_wconf 83' lang='lat' dir='ltr'>gegebenen</span> <span class='ocrx_word' id='word_1_231' title='bbox 718 1834 1003 1879; x_wconf 84' lang='lat' dir='ltr'>Feuersignale“</span> 
     </span>
     <span class='ocr_line' id='line_1_30' title="bbox 257 1880 1002 1926; baseline 0.003 -13"><span class='ocrx_word' id='word_1_232' title='bbox 257 1880 331 1924; x_wconf 82' lang='lat' dir='ltr'>vgl.</span> <span class='ocrx_word' id='word_1_233' title='bbox 360 1891 387 1914; x_wconf 91' lang='lat' dir='ltr'>c.</span> <span class='ocrx_word' id='word_1_234' title='bbox 416 1884 448 1922; x_wconf 87' lang='lat'>5,</span> <span class='ocrx_word' id='word_1_235' title='bbox 478 1885 520 1914; x_wconf 84' lang='grc'>16</span> <span class='ocrx_word' id='word_1_236' title='bbox 552 1882 668 1915; x_wconf 78' lang='lat' dir='ltr'>unde</span> <span class='ocrx_word' id='word_1_237' title='bbox 698 1882 812 1915; x_wconf 67' lang='lat' dir='ltr'>editi</span> <span class='ocrx_word' id='word_1_238' title='bbox 843 1883 943 1926; x_wconf 77' lang='lat' dir='ltr'>iynes</span> <span class='ocrx_word' id='word_1_239' title='bbox 969 1893 1002 1916; x_wconf 90' lang='lat' dir='ltr'>u.</span> 
     </span>
     <span class='ocr_line' id='line_1_31' title="bbox 258 1928 1004 1972; baseline 0.004 -12"><span class='ocrx_word' id='word_1_240' title='bbox 258 1931 276 1969; x_wconf 69' lang='grc' dir='ltr'>ξ</span> <span class='ocrx_word' id='word_1_241' title='bbox 294 1931 334 1961; x_wconf 86' lang='grc'>17</span> <span class='ocrx_word' id='word_1_242' title='bbox 350 1928 497 1971; x_wconf 45' lang='lat' dir='ltr'>{quibus</span> <span class='ocrx_word' id='word_1_243' title='bbox 515 1928 721 1963; x_wconf 75' lang='lat' dir='ltr'>sublatis.</span> <span class='ocrx_word' id='word_1_244' title='bbox 742 1940 774 1962; x_wconf 92' lang='lat' dir='ltr'>u.</span> <span class='ocrx_word' id='word_1_245' title='bbox 792 1939 840 1963; x_wconf 80' lang='lat' dir='ltr'>cx</span> <span class='ocrx_word' id='word_1_246' title='bbox 859 1930 1004 1972; x_wconf 80' lang='lat' dir='ltr'>specula</span> 
     </span>
     <span class='ocr_line' id='line_1_32' title="bbox 258 1974 1004 2020; baseline 0.003 -13"><span class='ocrx_word' id='word_1_247' title='bbox 258 1975 380 2008; x_wconf 75' lang='lat' dir='ltr'>elati.</span> <span class='ocrx_word' id='word_1_248' title='bbox 417 1974 476 2017; x_wconf 80' lang='grc'>25,</span> <span class='ocrx_word' id='word_1_249' title='bbox 505 1978 536 2016; x_wconf 89' lang='lat'>9,</span> <span class='ocrx_word' id='word_1_250' title='bbox 566 1978 607 2009; x_wconf 94' lang='lat'>10</span> <span class='ocrx_word' id='word_1_251' title='bbox 647 1976 793 2010; x_wconf 79' lang='lat' dir='ltr'>editus</span> <span class='ocrx_word' id='word_1_252' title='bbox 819 1997 856 2000; x_wconf 97' lang='lat'><strong>—</strong></span> <span class='ocrx_word' id='word_1_253' title='bbox 888 1977 1004 2020; x_wconf 54' lang='grc'>191113,-</span> 
     </span>
     <span class='ocr_line' id='line_1_33' title="bbox 259 2021 1002 2066; baseline 0.004 -12"><span class='ocrx_word' id='word_1_254' title='bbox 259 2021 392 2055; x_wconf 85' lang='lat' dir='ltr'>ebenso</span> <span class='ocrx_word' id='word_1_255' title='bbox 419 2022 546 2065; x_wconf 69' lang='lat' dir='ltr'>siquo</span> <span class='ocrx_word' id='word_1_256' title='bbox 573 2033 589 2056; x_wconf 85' lang='lat' dir='ltr'>e</span> <span class='ocrx_word' id='word_1_257' title='bbox 613 2023 768 2066; x_wconf 76' lang='lat' dir='ltr'>speculis</span> <span class='ocrx_word' id='word_1_258' title='bbox 793 2024 896 2057; x_wconf 76' lang='lat' dir='ltr'>edito.</span> <span class='ocrx_word' id='word_1_259' title='bbox 942 2022 1002 2065; x_wconf 75' lang='grc'>27,</span> 
     </span>
     <span class='ocr_line' id='line_1_34' title="bbox 259 2068 609 2111; baseline 0.003 -9"><span class='ocrx_word' id='word_1_260' title='bbox 259 2071 314 2110; x_wconf 84' lang='lat'>28,</span> <span class='ocrx_word' id='word_1_261' title='bbox 345 2072 396 2102; x_wconf 83' lang='lat'>16.</span> <span class='ocrx_word' id='word_1_262' title='bbox 431 2068 490 2111; x_wconf 72' lang='lat'>29,</span> <span class='ocrx_word' id='word_1_263' title='bbox 519 2073 550 2111; x_wconf 87' lang='lat'>6,</span> <span class='ocrx_word' id='word_1_264' title='bbox 577 2072 609 2103; x_wconf 86' lang='lat'>8.</span> 
     </span>
    </p>

    <p class='ocr_par' dir='ltr' id='par_1_12' title="bbox 258 2127 1006 2350">
     <span class='ocr_line' id='line_1_35' title="bbox 306 2127 1004 2171; baseline 0.003 -11"><span class='ocrx_word' id='word_1_265' title='bbox 306 2130 338 2160; x_wconf 79' lang='lat'>2.</span> <span class='ocrx_word' id='word_1_266' title='bbox 375 2137 459 2161; x_wconf 74' lang='lat' dir='ltr'>nam</span> <span class='ocrx_word' id='word_1_267' title='bbox 491 2130 522 2161; x_wconf 79' lang='lat' dir='ltr'>et</span> <span class='ocrx_word' id='word_1_268' title='bbox 553 2127 635 2171; x_wconf 57' lang='lat' dir='ltr'>aejpsa</span> <span class='ocrx_word' id='word_1_269' title='bbox 669 2127 810 2162; x_wconf 69' lang='lat' dir='ltr'>Chalcis</span> <span class='ocrx_word' id='word_1_270' title='bbox 843 2148 885 2152; x_wconf 88' lang='lat'>——</span> <span class='ocrx_word' id='word_1_271' title='bbox 918 2128 1004 2163; x_wconf 75' lang='lat' dir='ltr'>urbs</span> 
     </span>
     <span class='ocr_line' id='line_1_36' title="bbox 259 2173 1005 2219; baseline 0.001 -12"><span class='ocrx_word' id='word_1_272' title='bbox 259 2174 325 2217; x_wconf 77' lang='lat' dir='ltr'>est]</span> <span class='ocrx_word' id='word_1_273' title='bbox 356 2173 475 2216; x_wconf 85' lang='lat' dir='ltr'>„denn</span> <span class='ocrx_word' id='word_1_274' title='bbox 504 2173 567 2208; x_wconf 84' lang='lat' dir='ltr'>Ch.</span> <span class='ocrx_word' id='word_1_275' title='bbox 596 2174 645 2208; x_wconf 87' lang='lat' dir='ltr'>ist</span> <span class='ocrx_word' id='word_1_276' title='bbox 671 2186 767 2209; x_wconf 84' lang='lat' dir='ltr'>zwar</span> <span class='ocrx_word' id='word_1_277' title='bbox 793 2174 1005 2219; x_wconf 85' lang='lat' dir='ltr'>gleichfalls</span> 
     </span>
     <span class='ocr_line' id='line_1_37' title="bbox 259 2220 1005 2263; baseline 0.003 -9"><span class='ocrx_word' id='word_1_278' title='bbox 259 2220 340 2255; x_wconf 90' lang='lat' dir='ltr'>eine</span> <span class='ocrx_word' id='word_1_279' title='bbox 366 2220 476 2255; x_wconf 85' lang='lat' dir='ltr'>Stadt</span> <span class='ocrx_word' id='word_1_280' title='bbox 502 2221 568 2254; x_wconf 88' lang='lat' dir='ltr'>auf</span> <span class='ocrx_word' id='word_1_281' title='bbox 591 2222 783 2256; x_wconf 75' lang='lat' dir='ltr'>derselben</span> <span class='ocrx_word' id='word_1_282' title='bbox 809 2222 946 2263; x_wconf 76' lang='lat' dir='ltr'>Insel“;</span> <span class='ocrx_word' id='word_1_283' title='bbox 974 2226 1005 2256; x_wconf 78' lang='lat' dir='ltr'>et</span> 
     </span>
     <span class='ocr_line' id='line_1_38' title="bbox 258 2268 1006 2311; baseline 0.001 -9"><span class='ocrx_word' id='word_1_284' title='bbox 258 2268 342 2311; x_wconf 82' lang='lat' dir='ltr'>ipsa</span> <span class='ocrx_word' id='word_1_285' title='bbox 367 2268 417 2302; x_wconf 85' lang='lat' dir='ltr'>ist</span> <span class='ocrx_word' id='word_1_286' title='bbox 443 2280 510 2301; x_wconf 90' lang='lat' dir='ltr'>nur</span> <span class='ocrx_word' id='word_1_287' title='bbox 529 2268 597 2303; x_wconf 88' lang='lat' dir='ltr'>mit</span> <span class='ocrx_word' id='word_1_288' title='bbox 617 2269 704 2303; x_wconf 80' lang='lat' dir='ltr'>urbs</span> <span class='ocrx_word' id='word_1_289' title='bbox 723 2273 784 2310; x_wconf 72' lang='lat' dir='ltr'>est,</span> <span class='ocrx_word' id='word_1_290' title='bbox 811 2268 914 2302; x_wconf 86' lang='lat' dir='ltr'>nicht</span> <span class='ocrx_word' id='word_1_291' title='bbox 937 2269 1006 2303; x_wconf 89' lang='lat' dir='ltr'>mit</span> 
     </span>
     <span class='ocr_line' id='line_1_39' title="bbox 260 2315 843 2350; baseline 0 -2"><span class='ocrx_word' id='word_1_292' title='bbox 260 2315 537 2349; x_wconf 68' lang='lat' dir='ltr'>v&#39;ozterscz&#39;mlitur</span> <span class='ocrx_word' id='word_1_293' title='bbox 563 2327 605 2349; x_wconf 91' lang='lat' dir='ltr'>zu</span> <span class='ocrx_word' id='word_1_294' title='bbox 631 2316 843 2350; x_wconf 75' lang='lat' dir='ltr'>verbinden.</span> 
     </span>
    </p>
   </div>
   <div class='ocr_carea' id='block_1_5' title="bbox 308 2374 1003 2419">
    <p class='ocr_par' dir='ltr' id='par_1_13' title="bbox 308 2374 1003 2419">
     <span class='ocr_line' id='line_1_40' title="bbox 308 2374 1003 2419; baseline 0.003 -12"><span class='ocrx_word' id='word_1_295' title='bbox 308 2374 599 2419; x_wconf 60' lang='lat' dir='ltr'>interscinditur}</span> <span class='ocrx_word' id='word_1_296' title='bbox 628 2374 686 2409; x_wconf 79' lang='lat' dir='ltr'>bei</span> <span class='ocrx_word' id='word_1_297' title='bbox 714 2374 790 2408; x_wconf 87' lang='lat' dir='ltr'>Liv.</span> <span class='ocrx_word' id='word_1_298' title='bbox 817 2387 885 2408; x_wconf 85' lang='lat' dir='ltr'>nur</span> <span class='ocrx_word' id='word_1_299' title='bbox 914 2375 1003 2410; x_wconf 76' lang='lat' dir='ltr'>hier.</span> 
     </span>
    </p>
   </div>
   <div class='ocr_carea' id='block_1_6' title="bbox 259 2433 1007 2958">
    <p class='ocr_par' dir='ltr' id='par_1_14' title="bbox 260 2433 1005 2805">
     <span class='ocr_line' id='line_1_41' title="bbox 308 2433 1004 2476; baseline 0.003 -11"><span class='ocrx_word' id='word_1_300' title='bbox 308 2436 347 2466; x_wconf 75' lang='lat' dir='ltr'>ut</span> <span class='ocrx_word' id='word_1_301' title='bbox 369 2452 412 2457; x_wconf 93' lang='lat'>—</span> <span class='ocrx_word' id='word_1_302' title='bbox 435 2434 625 2476; x_wconf 66' lang='lat' dir='ltr'>z‘unyaturl</span> <span class='ocrx_word' id='word_1_303' title='bbox 654 2433 756 2475; x_wconf 72' lang='lat' dir='ltr'>„dass</span> <span class='ocrx_word' id='word_1_304' title='bbox 777 2433 828 2467; x_wconf 85' lang='lat' dir='ltr'>sie</span> <span class='ocrx_word' id='word_1_305' title='bbox 849 2434 1004 2467; x_wconf 77' lang='lat' dir='ltr'>verbun-</span> 
     </span>
     <span class='ocr_line' id='line_1_42' title="bbox 262 2479 1003 2522; baseline 0.003 -10"><span class='ocrx_word' id='word_1_306' title='bbox 262 2479 332 2514; x_wconf 81' lang='lat' dir='ltr'>den</span> <span class='ocrx_word' id='word_1_307' title='bbox 359 2479 448 2522; x_wconf 79' lang='lat' dir='ltr'>ist“;</span> <span class='ocrx_word' id='word_1_308' title='bbox 478 2480 540 2513; x_wconf 78' lang='lat' dir='ltr'>das</span> <span class='ocrx_word' id='word_1_309' title='bbox 566 2479 720 2514; x_wconf 64' lang='lat' dir='ltr'>Prascns</span> <span class='ocrx_word' id='word_1_310' title='bbox 747 2492 809 2514; x_wconf 81' lang='lat' dir='ltr'>zur</span> <span class='ocrx_word' id='word_1_311' title='bbox 829 2480 1003 2514; x_wconf 81' lang='lat' dir='ltr'>Bezeieh-</span> 
     </span>
     <span class='ocr_line' id='line_1_43' title="bbox 262 2527 1004 2571; baseline 0 -12"><span class='ocrx_word' id='word_1_312' title='bbox 262 2538 363 2571; x_wconf 83' lang='lat' dir='ltr'>nung</span> <span class='ocrx_word' id='word_1_313' title='bbox 396 2527 496 2561; x_wconf 83' lang='lat' dir='ltr'>eines</span> <span class='ocrx_word' id='word_1_314' title='bbox 530 2527 749 2561; x_wconf 85' lang='lat' dir='ltr'>bleibenden</span> <span class='ocrx_word' id='word_1_315' title='bbox 783 2527 1004 2569; x_wconf 80' lang='lat' dir='ltr'>Zustandes3</span> 
     </span>
     <span class='ocr_line' id='line_1_44' title="bbox 261 2573 1005 2618; baseline 0 -11"><span class='ocrx_word' id='word_1_316' title='bbox 261 2574 335 2617; x_wconf 82' lang='lat' dir='ltr'>vgl.</span> <span class='ocrx_word' id='word_1_317' title='bbox 357 2573 417 2616; x_wconf 76' lang='lat'>27,</span> <span class='ocrx_word' id='word_1_318' title='bbox 439 2578 494 2615; x_wconf 78' lang='lat'>49,</span> <span class='ocrx_word' id='word_1_319' title='bbox 520 2579 533 2607; x_wconf 93' lang='lat'>1</span> <span class='ocrx_word' id='word_1_320' title='bbox 557 2575 724 2616; x_wconf 70' lang='lat' dir='ltr'>articulo,</span> <span class='ocrx_word' id='word_1_321' title='bbox 749 2585 817 2618; x_wconf 79' lang='lat' dir='ltr'>quo</span> <span class='ocrx_word' id='word_1_322' title='bbox 837 2575 1005 2618; x_wconf 61' lang='lat' dir='ltr'>iungitur</span> 
     </span>
     <span class='ocr_line' id='line_1_45' title="bbox 261 2621 1004 2664; baseline 0.001 -10"><span class='ocrx_word' id='word_1_323' title='bbox 261 2622 375 2664; x_wconf 74' lang='lat' dir='ltr'>capiti</span> <span class='ocrx_word' id='word_1_324' title='bbox 401 2622 531 2655; x_wconf 60' lang='lat' dir='ltr'>cervix.</span> <span class='ocrx_word' id='word_1_325' title='bbox 571 2621 637 2663; x_wconf 79' lang='lat'>45,</span> <span class='ocrx_word' id='word_1_326' title='bbox 666 2626 726 2663; x_wconf 72' lang='lat'>27,</span> <span class='ocrx_word' id='word_1_327' title='bbox 754 2625 774 2655; x_wconf 89' lang='grc'>8</span> <span class='ocrx_word' id='word_1_328' title='bbox 802 2625 924 2655; x_wconf 79' lang='lat' dir='ltr'>tantae</span> <span class='ocrx_word' id='word_1_329' title='bbox 950 2622 1004 2655; x_wconf 78' lang='lat' dir='ltr'>in-</span> 
     </span>
     <span class='ocr_line' id='line_1_46' title="bbox 260 2668 1005 2711; baseline 0.001 -10"><span class='ocrx_word' id='word_1_330' title='bbox 260 2668 372 2709; x_wconf 83' lang='lat' dir='ltr'>sulae,</span> <span class='ocrx_word' id='word_1_331' title='bbox 389 2671 498 2711; x_wconf 78' lang='lat' dir='ltr'>ponte</span> <span class='ocrx_word' id='word_1_332' title='bbox 518 2669 717 2702; x_wconf 62' lang='lat' dir='ltr'>continenti</span> <span class='ocrx_word' id='word_1_333' title='bbox 736 2669 900 2709; x_wconf 46' lang='lat' dir='ltr'>iunctam·</span> <span class='ocrx_word' id='word_1_334' title='bbox 926 2668 1005 2702; x_wconf 84' lang='lat' dir='ltr'>also</span> 
     </span>
     <span class='ocr_line' id='line_1_47' title="bbox 261 2715 1003 2757; baseline 0.001 -9"><span class='ocrx_word' id='word_1_335' title='bbox 261 2719 358 2749; x_wconf 77' lang='lat' dir='ltr'>terra</span> <span class='ocrx_word' id='word_1_336' title='bbox 385 2731 427 2743; x_wconf 95' lang='lat'>=</span> <span class='ocrx_word' id='word_1_337' title='bbox 449 2716 540 2749; x_wconf 79' lang='lat' dir='ltr'>iiber</span> <span class='ocrx_word' id='word_1_338' title='bbox 565 2715 625 2749; x_wconf 86' lang='lat' dir='ltr'>die</span> <span class='ocrx_word' id='word_1_339' title='bbox 651 2715 813 2757; x_wconf 73' lang='lat' dir='ltr'>Briicke,</span> <span class='ocrx_word' id='word_1_340' title='bbox 839 2717 934 2750; x_wconf 75' lang='lat' dir='ltr'>mari</span> <span class='ocrx_word' id='word_1_341' title='bbox 961 2732 1003 2744; x_wconf 95' lang='lat'><strong><em>=</em></strong></span> 
     </span>
     <span class='ocr_line' id='line_1_48' title="bbox 261 2761 840 2805; baseline 0.003 -11"><span class='ocrx_word' id='word_1_342' title='bbox 261 2773 302 2794; x_wconf 76' lang='lat' dir='ltr'>zu</span> <span class='ocrx_word' id='word_1_343' title='bbox 331 2761 463 2796; x_wconf 84' lang='lat' dir='ltr'>Schiffe</span> <span class='ocrx_word' id='word_1_344' title='bbox 490 2763 580 2796; x_wconf 76' lang='lat' dir='ltr'>iiber</span> <span class='ocrx_word' id='word_1_345' title='bbox 607 2762 671 2797; x_wconf 87' lang='lat' dir='ltr'>das</span> <span class='ocrx_word' id='word_1_346' title='bbox 697 2764 840 2805; x_wconf 78' lang='lat' dir='ltr'>fretum.</span> 
     </span>
    </p>

    <p class='ocr_par' dir='ltr' id='par_1_15' title="bbox 259 2820 1007 2958">
     <span class='ocr_line' id='line_1_49' title="bbox 309 2820 1004 2865; baseline 0.004 -13"><span class='ocrx_word' id='word_1_347' title='bbox 309 2824 339 2853; x_wconf 84' lang='lat'>3.</span> <span class='ocrx_word' id='word_1_348' title='bbox 368 2821 564 2865; x_wconf 72' lang='lat' dir='ltr'>contendit]</span> <span class='ocrx_word' id='word_1_349' title='bbox 579 2821 747 2855; x_wconf 76' lang='lat' dir='ltr'>Elatiam</span> <span class='ocrx_word' id='word_1_350' title='bbox 767 2820 816 2856; x_wconf 83' lang='lat' dir='ltr'>ist</span> <span class='ocrx_word' id='word_1_351' title='bbox 835 2821 905 2856; x_wconf 88' lang='lat' dir='ltr'>mit</span> <span class='ocrx_word' id='word_1_352' title='bbox 926 2832 1004 2856; x_wconf 77' lang='lat' dir='ltr'>con-</span> 
     </span>
     <span class='ocr_line' id='line_1_50' title="bbox 260 2868 1007 2912; baseline 0.001 -12"><span class='ocrx_word' id='word_1_353' title='bbox 260 2868 374 2900; x_wconf 72' lang='lat' dir='ltr'>tendit</span> <span class='ocrx_word' id='word_1_354' title='bbox 401 2879 443 2901; x_wconf 88' lang='lat' dir='ltr'>zu</span> <span class='ocrx_word' id='word_1_355' title='bbox 471 2868 692 2910; x_wconf 81' lang='lat' dir='ltr'>verbinden3</span> <span class='ocrx_word' id='word_1_356' title='bbox 719 2869 822 2903; x_wconf 82' lang='lat' dir='ltr'>milia</span> <span class='ocrx_word' id='word_1_357' title='bbox 849 2869 1007 2912; x_wconf 78' lang='lat' dir='ltr'>amplius</span> 
     </span>
     <span class='ocr_line' id='line_1_51' title="bbox 259 2915 1006 2958; baseline 0.001 -11"><span class='ocrx_word' id='word_1_358' title='bbox 259 2915 450 2958; x_wconf 56' lang='lat' dir='ltr'>sesamum</span> <span class='ocrx_word' id='word_1_359' title='bbox 488 2915 536 2948; x_wconf 76' lang='lat' dir='ltr'>ist</span> <span class='ocrx_word' id='word_1_360' title='bbox 575 2917 701 2949; x_wconf 66' lang='lat' dir='ltr'>Aecus.</span> <span class='ocrx_word' id='word_1_361' title='bbox 749 2915 813 2950; x_wconf 88' lang='lat' dir='ltr'>des</span> <span class='ocrx_word' id='word_1_362' title='bbox 861 2915 1006 2950; x_wconf 73' lang='lat' dir='ltr'>Marses.</span> 
     </span>
    </p>
   </div>
   <div class='ocr_carea' id='block_1_7' title="bbox 1075 1596 1826 2959">
    <p class='ocr_par' dir='ltr' id='par_1_16' title="bbox 1078 1596 1822 1830">
     <span class='ocr_line' id='line_1_52' title="bbox 1079 1596 1820 1642; baseline -0.001 -10"><span class='ocrx_word' id='word_1_363' title='bbox 1079 1598 1252 1632; x_wconf 76' lang='lat' dir='ltr'>contendo</span> <span class='ocrx_word' id='word_1_364' title='bbox 1278 1598 1345 1632; x_wconf 91' lang='lat' dir='ltr'>hat</span> <span class='ocrx_word' id='word_1_365' title='bbox 1370 1599 1459 1633; x_wconf 83' lang='lat' dir='ltr'>stets</span> <span class='ocrx_word' id='word_1_366' title='bbox 1491 1597 1550 1632; x_wconf 85' lang='lat' dir='ltr'>die</span> <span class='ocrx_word' id='word_1_367' title='bbox 1576 1597 1730 1642; x_wconf 83' lang='lat' dir='ltr'>Angabe</span> <span class='ocrx_word' id='word_1_368' title='bbox 1757 1596 1820 1631; x_wconf 86' lang='lat' dir='ltr'>des</span> 
     </span>
     <span class='ocr_line' id='line_1_53' title="bbox 1080 1643 1820 1689; baseline 0 -10"><span class='ocrx_word' id='word_1_369' title='bbox 1080 1644 1186 1679; x_wconf 87' lang='lat' dir='ltr'>Ortes</span> <span class='ocrx_word' id='word_1_370' title='bbox 1224 1645 1291 1679; x_wconf 89' lang='lat' dir='ltr'>auf</span> <span class='ocrx_word' id='word_1_371' title='bbox 1324 1645 1384 1680; x_wconf 87' lang='lat' dir='ltr'>die</span> <span class='ocrx_word' id='word_1_372' title='bbox 1418 1645 1537 1689; x_wconf 88' lang='lat' dir='ltr'>Frage</span> <span class='ocrx_word' id='word_1_373' title='bbox 1574 1645 1722 1680; x_wconf 83' lang='lat' dir='ltr'>wohin?</span> <span class='ocrx_word' id='word_1_374' title='bbox 1760 1643 1820 1679; x_wconf 87' lang='lat' dir='ltr'>bei</span> 
     </span>
     <span class='ocr_line' id='line_1_54' title="bbox 1078 1691 1818 1736; baseline -0.001 -10"><span class='ocrx_word' id='word_1_375' title='bbox 1078 1691 1167 1734; x_wconf 79' lang='lat' dir='ltr'>sich3</span> <span class='ocrx_word' id='word_1_376' title='bbox 1183 1691 1326 1736; x_wconf 87' lang='lat' dir='ltr'>vgl.21,</span> <span class='ocrx_word' id='word_1_377' title='bbox 1337 1696 1448 1736; x_wconf 80' lang='lat'>25,13</span> <span class='ocrx_word' id='word_1_378' title='bbox 1466 1692 1679 1727; x_wconf 75' lang='lat' dir='ltr'>Tannetum.</span> <span class='ocrx_word' id='word_1_379' title='bbox 1695 1695 1789 1733; x_wconf 83' lang='lat' dir='ltr'>c.47,</span> <span class='ocrx_word' id='word_1_380' title='bbox 1800 1695 1818 1725; x_wconf 85' lang='grc'><strong>7</strong></span> 
     </span>
     <span class='ocr_line' id='line_1_55' title="bbox 1078 1738 1822 1783; baseline 0 -11"><span class='ocrx_word' id='word_1_381' title='bbox 1078 1738 1314 1774; x_wconf 70' lang='lat' dir='ltr'>Placentiam.</span> <span class='ocrx_word' id='word_1_382' title='bbox 1354 1750 1382 1773; x_wconf 93' lang='lat' dir='ltr'>c.</span> <span class='ocrx_word' id='word_1_383' title='bbox 1411 1743 1473 1781; x_wconf 85' lang='grc'>56,</span> <span class='ocrx_word' id='word_1_384' title='bbox 1500 1743 1531 1774; x_wconf 87' lang='grc'>5.</span> <span class='ocrx_word' id='word_1_385' title='bbox 1559 1738 1624 1782; x_wconf 90' lang='grc'>22,</span> <span class='ocrx_word' id='word_1_386' title='bbox 1653 1741 1707 1783; x_wconf 92' lang='grc'>18,</span> <span class='ocrx_word' id='word_1_387' title='bbox 1734 1742 1755 1772; x_wconf 83' lang='grc'>4</span> <span class='ocrx_word' id='word_1_388' title='bbox 1780 1739 1822 1773; x_wconf 74' lang='lat' dir='ltr'>in</span> 
     </span>
     <span class='ocr_line' id='line_1_56' title="bbox 1078 1786 1741 1830; baseline 0 -10"><span class='ocrx_word' id='word_1_389' title='bbox 1078 1790 1208 1821; x_wconf 81' lang='lat' dir='ltr'>castra.</span> <span class='ocrx_word' id='word_1_390' title='bbox 1242 1786 1302 1830; x_wconf 84' lang='grc'>26,</span> <span class='ocrx_word' id='word_1_391' title='bbox 1323 1791 1355 1830; x_wconf 83' lang='grc'>5,</span> <span class='ocrx_word' id='word_1_392' title='bbox 1377 1790 1396 1821; x_wconf 92' lang='lat'><strong>3</strong></span> <span class='ocrx_word' id='word_1_393' title='bbox 1423 1788 1463 1821; x_wconf 79' lang='lat' dir='ltr'>in</span> <span class='ocrx_word' id='word_1_394' title='bbox 1491 1786 1741 1830; x_wconf 76' lang='lat' dir='ltr'>Campaniam.</span> 
     </span>
    </p>

    <p class='ocr_par' dir='ltr' id='par_1_17' title="bbox 1076 1833 1822 1972">
     <span class='ocr_line' id='line_1_57' title="bbox 1126 1833 1822 1878; baseline -0.003 -10"><span class='ocrx_word' id='word_1_395' title='bbox 1126 1838 1156 1868; x_wconf 87' lang='grc'>6.</span> <span class='ocrx_word' id='word_1_396' title='bbox 1190 1834 1378 1877; x_wconf 64' lang='lat' dir='ltr'>inprovisa</span> <span class='ocrx_word' id='word_1_397' title='bbox 1409 1844 1464 1868; x_wconf 72' lang='lat' dir='ltr'>res</span> <span class='ocrx_word' id='word_1_398' title='bbox 1495 1833 1585 1878; x_wconf 69' lang='lat' dir='ltr'>fuit]</span> <span class='ocrx_word' id='word_1_399' title='bbox 1625 1844 1699 1877; x_wconf 87' lang='lat' dir='ltr'>„es</span> <span class='ocrx_word' id='word_1_400' title='bbox 1733 1833 1822 1867; x_wconf 87' lang='lat' dir='ltr'>kam</span> 
     </span>
     <span class='ocr_line' id='line_1_58' title="bbox 1076 1879 1819 1925; baseline 0 -11"><span class='ocrx_word' id='word_1_401' title='bbox 1076 1882 1323 1915; x_wconf 87' lang='lat' dir='ltr'>unerwartet“</span> <span class='ocrx_word' id='word_1_402' title='bbox 1349 1881 1422 1925; x_wconf 86' lang='lat' dir='ltr'>vgl.</span> <span class='ocrx_word' id='word_1_403' title='bbox 1449 1879 1514 1925; x_wconf 83' lang='lat'>26,</span> <span class='ocrx_word' id='word_1_404' title='bbox 1537 1884 1600 1924; x_wconf 89' lang='lat'>38,</span> <span class='ocrx_word' id='word_1_405' title='bbox 1629 1884 1670 1915; x_wconf 76' lang='lat'>12</span> <span class='ocrx_word' id='word_1_406' title='bbox 1697 1890 1819 1924; x_wconf 79' lang='lat' dir='ltr'>quam—</span> 
     </span>
     <span class='ocr_line' id='line_1_59' title="bbox 1076 1929 1586 1972; baseline 0.002 -11"><span class='ocrx_word' id='word_1_407' title='bbox 1076 1939 1183 1972; x_wconf 76' lang='lat' dir='ltr'>quam</span> <span class='ocrx_word' id='word_1_408' title='bbox 1209 1929 1398 1972; x_wconf 75' lang='lat' dir='ltr'>inprovisa</span> <span class='ocrx_word' id='word_1_409' title='bbox 1423 1939 1478 1962; x_wconf 77' lang='lat' dir='ltr'>res</span> <span class='ocrx_word' id='word_1_410' title='bbox 1503 1929 1586 1971; x_wconf 76' lang='lat' dir='ltr'>fuit.</span> 
     </span>
    </p>

    <p class='ocr_par' dir='ltr' id='par_1_18' title="bbox 1076 1973 1826 2385">
     <span class='ocr_line' id='line_1_60' title="bbox 1120 1973 1826 2020; baseline 0 -11"><span class='ocrx_word' id='word_1_411' title='bbox 1120 1975 1340 2020; x_wconf 76' lang='lat' dir='ltr'>pabulatum</span> <span class='ocrx_word' id='word_1_412' title='bbox 1391 1996 1431 1999; x_wconf 91' lang='lat'>——</span> <span class='ocrx_word' id='word_1_413' title='bbox 1480 1974 1677 2020; x_wconf 74' lang='lat' dir='ltr'>proqressi]</span> <span class='ocrx_word' id='word_1_414' title='bbox 1737 1973 1826 2017; x_wconf 82' lang='lat' dir='ltr'>„auf</span> 
     </span>
     <span class='ocr_line' id='line_1_61' title="bbox 1077 2021 1822 2067; baseline 0 -12"><span class='ocrx_word' id='word_1_415' title='bbox 1077 2021 1356 2067; x_wconf 86' lang='lat' dir='ltr'>Fouragierung</span> <span class='ocrx_word' id='word_1_416' title='bbox 1405 2021 1674 2067; x_wconf 73' lang='lat' dir='ltr'>ausgerfickt“;</span> <span class='ocrx_word' id='word_1_417' title='bbox 1749 2031 1822 2055; x_wconf 83' lang='lat' dir='ltr'>von</span> 
     </span>
     <span class='ocr_line' id='line_1_62' title="bbox 1077 2067 1822 2113; baseline -0.003 -10"><span class='ocrx_word' id='word_1_418' title='bbox 1077 2069 1148 2103; x_wconf 90' lang='lat' dir='ltr'>den</span> <span class='ocrx_word' id='word_1_419' title='bbox 1190 2069 1338 2113; x_wconf 84' lang='lat' dir='ltr'>Supinis</span> <span class='ocrx_word' id='word_1_420' title='bbox 1382 2069 1448 2103; x_wconf 83' lang='lat' dir='ltr'>auf</span> <span class='ocrx_word' id='word_1_421' title='bbox 1481 2081 1543 2103; x_wconf 80' lang='lat' dir='ltr'>um</span> <span class='ocrx_word' id='word_1_422' title='bbox 1585 2067 1822 2113; x_wconf 82' lang='lat' dir='ltr'>fiberwiegen</span> 
     </span>
     <span class='ocr_line' id='line_1_63' title="bbox 1076 2115 1820 2161; baseline -0.003 -11"><span class='ocrx_word' id='word_1_423' title='bbox 1076 2116 1137 2150; x_wconf 88' lang='lat' dir='ltr'>bei</span> <span class='ocrx_word' id='word_1_424' title='bbox 1176 2115 1255 2150; x_wconf 82' lang='lat' dir='ltr'>Liv.</span> <span class='ocrx_word' id='word_1_425' title='bbox 1295 2116 1523 2161; x_wconf 85' lang='lat' dir='ltr'>diejenigen,</span> <span class='ocrx_word' id='word_1_426' title='bbox 1562 2115 1702 2150; x_wconf 84' lang='lat' dir='ltr'>welche</span> <span class='ocrx_word' id='word_1_427' title='bbox 1741 2115 1820 2149; x_wconf 88' lang='lat' dir='ltr'>eine</span> 
     </span>
     <span class='ocr_line' id='line_1_64' title="bbox 1078 2161 1820 2207; baseline -0.001 -11"><span class='ocrx_word' id='word_1_428' title='bbox 1078 2162 1322 2197; x_wconf 65' lang='lat' dir='ltr'>militarische</span> <span class='ocrx_word' id='word_1_429' title='bbox 1342 2162 1563 2207; x_wconf 68' lang='lat' dir='ltr'>Thatigkeit</span> <span class='ocrx_word' id='word_1_430' title='bbox 1581 2161 1820 2196; x_wconf 86' lang='lat' dir='ltr'>bezeichnen:</span> 
     </span>
     <span class='ocr_line' id='line_1_65' title="bbox 1078 2210 1821 2254; baseline -0.001 -10"><span class='ocrx_word' id='word_1_431' title='bbox 1078 2214 1339 2254; x_wconf 68' lang='lat' dir='ltr'>oppzcynatuvtz,</span> <span class='ocrx_word' id='word_1_432' title='bbox 1349 2211 1582 2254; x_wconf 80' lang='lat' dir='ltr'>speculatum,</span> <span class='ocrx_word' id='word_1_433' title='bbox 1592 2210 1821 2253; x_wconf 79' lang='lat' dir='ltr'>praedatum,</span> 
     </span>
     <span class='ocr_line' id='line_1_66' title="bbox 1077 2257 1821 2301; baseline -0.001 -10"><span class='ocrx_word' id='word_1_434' title='bbox 1077 2258 1349 2299; x_wconf 79' lang='lat' dir='ltr'>frumentatum,</span> <span class='ocrx_word' id='word_1_435' title='bbox 1379 2258 1615 2301; x_wconf 55' lang='lat' dir='ltr'>exploratum,</span> <span class='ocrx_word' id='word_1_436' title='bbox 1642 2257 1821 2300; x_wconf 67' lang='lat' dir='ltr'>liquatum</span> 
     </span>
     <span class='ocr_line' id='line_1_67' title="bbox 1078 2302 1819 2348; baseline 0 -11"><span class='ocrx_word' id='word_1_437' title='bbox 1078 2315 1111 2337; x_wconf 87' lang='lat' dir='ltr'>u.</span> <span class='ocrx_word' id='word_1_438' title='bbox 1138 2315 1168 2338; x_wconf 83' lang='lat' dir='ltr'>a.</span> <span class='ocrx_word' id='word_1_439' title='bbox 1203 2304 1313 2338; x_wconf 77' lang='lat' dir='ltr'>meist</span> <span class='ocrx_word' id='word_1_440' title='bbox 1350 2304 1444 2338; x_wconf 88' lang='lat' dir='ltr'>ohne</span> <span class='ocrx_word' id='word_1_441' title='bbox 1478 2303 1631 2348; x_wconf 79' lang='lat' dir='ltr'>Objekt;</span> <span class='ocrx_word' id='word_1_442' title='bbox 1677 2303 1752 2348; x_wconf 84' lang='lat' dir='ltr'>vgl.</span> <span class='ocrx_word' id='word_1_443' title='bbox 1785 2302 1819 2337; x_wconf 89' lang='lat' dir='ltr'>d.</span> 
     </span>
     <span class='ocr_line' id='line_1_68' title="bbox 1078 2351 1171 2385; baseline 0.011 -1"><span class='ocrx_word' id='word_1_444' title='bbox 1078 2351 1171 2385; x_wconf 85' lang='lat' dir='ltr'>Anh.</span> 
     </span>
    </p>

    <p class='ocr_par' dir='ltr' id='par_1_19' title="bbox 1075 2397 1822 2903">
     <span class='ocr_line' id='line_1_69' title="bbox 1124 2397 1822 2442; baseline 0.001 -11"><span class='ocrx_word' id='word_1_445' title='bbox 1124 2399 1200 2432; x_wconf 68' lang='lat' dir='ltr'>nisi</span> <span class='ocrx_word' id='word_1_446' title='bbox 1249 2399 1513 2441; x_wconf 64' lang='lat' dir='ltr'>comma-issent</span> <span class='ocrx_word' id='word_1_447' title='bbox 1564 2417 1604 2422; x_wconf 85' lang='lat'>——</span> <span class='ocrx_word' id='word_1_448' title='bbox 1664 2397 1822 2442; x_wconf 74' lang='lat' dir='ltr'>opprimi</span> 
     </span>
     <span class='ocr_line' id='line_1_70' title="bbox 1075 2444 1820 2489; baseline -0.001 -10"><span class='ocrx_word' id='word_1_449' title='bbox 1075 2445 1250 2489; x_wconf 72' lang='lat' dir='ltr'>potuerit]</span> <span class='ocrx_word' id='word_1_450' title='bbox 1292 2445 1388 2479; x_wconf 89' lang='lat' dir='ltr'>ohne</span> <span class='ocrx_word' id='word_1_451' title='bbox 1421 2444 1618 2479; x_wconf 79' lang='lat' dir='ltr'>Hfilfsverb</span> <span class='ocrx_word' id='word_1_452' title='bbox 1653 2444 1728 2478; x_wconf 89' lang='lat' dir='ltr'>und</span> <span class='ocrx_word' id='word_1_453' title='bbox 1768 2444 1820 2478; x_wconf 91' lang='lat' dir='ltr'>im</span> 
     </span>
     <span class='ocr_line' id='line_1_71' title="bbox 1078 2491 1820 2536; baseline 0.001 -12"><span class='ocrx_word' id='word_1_454' title='bbox 1078 2491 1209 2526; x_wconf 79' lang='lat' dir='ltr'>Aktiv:</span> <span class='ocrx_word' id='word_1_455' title='bbox 1237 2503 1312 2526; x_wconf 71' lang='lat' dir='ltr'>eum</span> <span class='ocrx_word' id='word_1_456' title='bbox 1341 2493 1602 2536; x_wconf 73' lang='lat' dir='ltr'>oppressuri</span> <span class='ocrx_word' id='word_1_457' title='bbox 1626 2491 1820 2534; x_wconf 79' lang='lat' dir='ltr'>fuerint,</span> 
     </span>
     <span class='ocr_line' id='line_1_72' title="bbox 1078 2538 1820 2583; baseline -0.001 -11"><span class='ocrx_word' id='word_1_458' title='bbox 1078 2539 1151 2583; x_wconf 72' lang='lat' dir='ltr'>vgl.</span> <span class='ocrx_word' id='word_1_459' title='bbox 1194 2550 1221 2573; x_wconf 83' lang='lat' dir='ltr'>c.</span> <span class='ocrx_word' id='word_1_460' title='bbox 1265 2543 1328 2582; x_wconf 85' lang='grc'>16,</span> <span class='ocrx_word' id='word_1_461' title='bbox 1367 2543 1387 2572; x_wconf 78' lang='lat'>2</span> <span class='ocrx_word' id='word_1_462' title='bbox 1426 2540 1634 2574; x_wconf 76' lang='lat' dir='ltr'>adsecuturi</span> <span class='ocrx_word' id='word_1_463' title='bbox 1669 2538 1820 2581; x_wconf 78' lang='lat' dir='ltr'>fuerint,</span> 
     </span>
     <span class='ocr_line' id='line_1_73' title="bbox 1079 2584 1820 2629; baseline 0 -10"><span class='ocrx_word' id='word_1_464' title='bbox 1079 2586 1152 2620; x_wconf 88' lang='lat' dir='ltr'>und</span> <span class='ocrx_word' id='word_1_465' title='bbox 1173 2597 1212 2621; x_wconf 85' lang='lat' dir='ltr'>so</span> <span class='ocrx_word' id='word_1_466' title='bbox 1234 2588 1336 2629; x_wconf 69' lang='lat' dir='ltr'>stets,</span> <span class='ocrx_word' id='word_1_467' title='bbox 1357 2597 1463 2620; x_wconf 82' lang='lat' dir='ltr'>wenn</span> <span class='ocrx_word' id='word_1_468' title='bbox 1482 2585 1586 2620; x_wconf 87' lang='lat' dir='ltr'>nicht</span> <span class='ocrx_word' id='word_1_469' title='bbox 1605 2585 1669 2620; x_wconf 88' lang='lat' dir='ltr'>der</span> <span class='ocrx_word' id='word_1_470' title='bbox 1687 2584 1820 2629; x_wconf 84' lang='lat' dir='ltr'>Folge-</span> 
     </span>
     <span class='ocr_line' id='line_1_74' title="bbox 1080 2632 1819 2677; baseline -0.003 -10"><span class='ocrx_word' id='word_1_471' title='bbox 1080 2636 1156 2668; x_wconf 80' lang='lat' dir='ltr'>satz</span> <span class='ocrx_word' id='word_1_472' title='bbox 1195 2634 1255 2667; x_wconf 90' lang='lat' dir='ltr'>ein</span> <span class='ocrx_word' id='word_1_473' title='bbox 1292 2633 1491 2667; x_wconf 75' lang='lat' dir='ltr'>Hiilssverb</span> <span class='ocrx_word' id='word_1_474' title='bbox 1529 2633 1598 2666; x_wconf 87' lang='lat' dir='ltr'>mit</span> <span class='ocrx_word' id='word_1_475' title='bbox 1634 2632 1819 2677; x_wconf 81' lang='lat' dir='ltr'>passivem</span> 
     </span>
     <span class='ocr_line' id='line_1_75' title="bbox 1079 2678 1820 2715; baseline -0.003 -1"><span class='ocrx_word' id='word_1_476' title='bbox 1079 2680 1240 2714; x_wconf 85' lang='lat' dir='ltr'>Infinitiv</span> <span class='ocrx_word' id='word_1_477' title='bbox 1272 2681 1427 2715; x_wconf 65' lang='lat' dir='ltr'>enthiilt.</span> <span class='ocrx_word' id='word_1_478' title='bbox 1478 2680 1518 2713; x_wconf 85' lang='lat' dir='ltr'>ln</span> <span class='ocrx_word' id='word_1_479' title='bbox 1553 2679 1690 2713; x_wconf 86' lang='lat' dir='ltr'>diesem</span> <span class='ocrx_word' id='word_1_480' title='bbox 1716 2678 1820 2713; x_wconf 81' lang='lat' dir='ltr'>Faue</span> 
     </span>
     <span class='ocr_line' id='line_1_76' title="bbox 1079 2725 1814 2771; baseline -0.004 -9"><span class='ocrx_word' id='word_1_481' title='bbox 1079 2730 1221 2771; x_wconf 79' lang='lat' dir='ltr'>gcnfigt</span> <span class='ocrx_word' id='word_1_482' title='bbox 1246 2728 1310 2762; x_wconf 86' lang='lat' dir='ltr'>das</span> <span class='ocrx_word' id='word_1_483' title='bbox 1336 2726 1432 2762; x_wconf 86' lang='lat' dir='ltr'>Perf.</span> <span class='ocrx_word' id='word_1_484' title='bbox 1459 2725 1713 2770; x_wconf 80' lang='lat' dir='ltr'>Conjunctivi3</span> <span class='ocrx_word' id='word_1_485' title='bbox 1740 2726 1814 2769; x_wconf 85' lang='lat' dir='ltr'>vgl.</span> 
     </span>
     <span class='ocr_line' id='line_1_77' title="bbox 1078 2774 1818 2818; baseline -0.003 -9"><span class='ocrx_word' id='word_1_486' title='bbox 1078 2775 1138 2817; x_wconf 74' lang='lat'>24,</span> <span class='ocrx_word' id='word_1_487' title='bbox 1159 2779 1215 2818; x_wconf 77' lang='lat'>42,</span> <span class='ocrx_word' id='word_1_488' title='bbox 1236 2780 1256 2808; x_wconf 88' lang='lat'>3</span> <span class='ocrx_word' id='word_1_489' title='bbox 1284 2774 1400 2818; x_wconf 73' lang='lat' dir='ltr'>(quin)</span> <span class='ocrx_word' id='word_1_490' title='bbox 1427 2775 1467 2807; x_wconf 76' lang='grc' dir='ltr'>πί</span> <span class='ocrx_word' id='word_1_491' title='bbox 1492 2774 1736 2807; x_wconf 68' lang='lat' dir='ltr'>intervenisset</span> <span class='ocrx_word' id='word_1_492' title='bbox 1762 2792 1818 2815; x_wconf 89' lang='lat'>—‚</span> 
     </span>
     <span class='ocr_line' id='line_1_78' title="bbox 1079 2819 1819 2865; baseline -0.007 -8"><span class='ocrx_word' id='word_1_493' title='bbox 1079 2825 1200 2857; x_wconf 72' lang='lat' dir='ltr'>castra</span> <span class='ocrx_word' id='word_1_494' title='bbox 1244 2822 1328 2865; x_wconf 78' lang='lat' dir='ltr'>capi</span> <span class='ocrx_word' id='word_1_495' title='bbox 1362 2821 1555 2864; x_wconf 69' lang='lat' dir='ltr'>potuerim.</span> <span class='ocrx_word' id='word_1_496' title='bbox 1621 2819 1724 2853; x_wconf 66' lang='lat' dir='ltr'>stell.</span> <span class='ocrx_word' id='word_1_497' title='bbox 1767 2819 1819 2853; x_wconf 84' lang='lat' dir='ltr'>im</span> 
     </span>
     <span class='ocr_line' id='line_1_79' title="bbox 1079 2870 1174 2903; baseline 0 0"><span class='ocrx_word' id='word_1_498' title='bbox 1079 2870 1174 2903; x_wconf 87' lang='lat' dir='ltr'>Anh.</span> 
     </span>
    </p>

    <p class='ocr_par' dir='ltr' id='par_1_20' title="bbox 1129 2913 1818 2959">
     <span class='ocr_line' id='line_1_80' title="bbox 1129 2913 1818 2959; baseline -0.003 -9"><span class='ocrx_word' id='word_1_499' title='bbox 1129 2920 1159 2950; x_wconf 82' lang='lat'>7.</span> <span class='ocrx_word' id='word_1_500' title='bbox 1193 2916 1343 2950; x_wconf 69' lang='lat' dir='ltr'>Attalus</span> <span class='ocrx_word' id='word_1_501' title='bbox 1376 2935 1416 2938; x_wconf 71' lang='lat'>—</span> <span class='ocrx_word' id='word_1_502' title='bbox 1454 2913 1723 2959; x_wconf 71' lang='lat' dir='ltr'>incompositus]</span> <span class='ocrx_word' id='word_1_503' title='bbox 1760 2913 1818 2948; x_wconf 84' lang='lat' dir='ltr'>die</span> 
     </span>
    </p>
   </div>
  </div>
 </body>
</html>
