1953 3278
161 157 186 176 s.
206 150 256 176 Ch.
278 152 337 177 207.

633 141 777 176 LIBER
802 140 967 176 XXVIII.
1018 140 1118 175 CAP.
1146 143 1178 175 4.
1208 144 1239 176 5.
1688 139 1713 180 9

164 247 583 303 Carthaginiensium
612 249 722 290 circa
754 249 847 303 ipsa
880 249 1048 290 moenia
1074 247 1225 289 Uticae
1251 247 1432 301 praedae
1459 249 1576 288 actae
1605 250 1715 288 sunt.

162 307 456 360 repetentibus
479 305 667 348 Siciliam
690 308 837 349 classis
858 307 1021 348 Punica
1041 331 1095 335 —
1118 306 1393 360 septuaginta
1413 308 1536 346 erant
1562 306 1716 360 longae
1743 318 1762 347 6

162 379 293 406 naves
314 389 371 394 —
392 365 586 407 occurrit.
643 366 786 408 decem
819 368 862 406 et
894 369 1057 419 septem
1090 378 1220 405 naves
1254 379 1302 404 ex
1335 365 1388 404 iis
1422 367 1571 417 captae
1604 367 1717 416 sunt,

163 426 364 477 quattuor
397 424 442 464 in
476 424 561 464 alto
595 439 777 478 mersae,
816 427 956 465 cetera
991 424 1085 464 fusa
1118 437 1166 464 ac
1202 423 1351 477 fugata
1382 423 1543 463 classis.

162 482 352 536 marique
397 483 532 523 victor
575 482 794 524 Romanus
840 496 935 523 cum
973 495 1130 535 magna
1168 481 1307 521 omnis
1353 481 1520 534 generis
1562 480 1718 535 praeda

162 539 411 594 Lilybaeum
456 542 621 594 repetit.
675 543 785 587 ,tuto
830 540 927 580 inde
971 540 1080 580 mari
1121 539 1257 592 pulsis
1301 539 1489 580 hostium
1535 539 1717 580 navibus

162 599 308 653 magni
340 602 600 640 commeatus
632 599 835 639 frumenti
868 597 1048 639 Romam
1084 597 1286 638 subvecti.

281 657 496 711 Principio
530 658 703 698 aestatis
737 658 844 710 eius,
878 671 962 710 qua
993 656 1098 697 haec
1131 659 1231 696 sunt
1262 659 1395 709 gesta,
1426 655 1471 697 P.
1505 655 1715 709 Sulpicius
1742 660 1765 696 5

163 717 393 768 proconsul
425 719 468 756 et
498 715 674 756 Attalus
705 730 779 756 rex
811 729 906 756 cum
938 714 1142 769 Aeginae,
1175 714 1284 754 sicut
1317 716 1415 754 ante
1447 713 1608 754 dictum
1642 720 1717 766 est,

165 774 475 828 hibernassent,
496 773 703 814 Lemnum
722 774 820 815 inde
840 774 976 815 classe
996 773 1142 817 iuncta
1162 797 1217 800 —
1233 771 1452 813 Romanae
1474 773 1659 827 quinque
1679 780 1721 813 et

163 832 321 886 viginti
342 832 678 887 quinqueremes,
690 833 834 887 regiae
849 832 1035 887 quinque
1051 833 1093 872 et
1111 831 1292 885 triginta
1309 855 1361 859 —
1377 832 1718 872 transmiserunt.

162 893 204 931 et
224 890 461 945 Philippus,
487 892 547 945 ut,
574 905 647 932 seu
673 893 789 932 terra
815 905 887 932 seu
914 891 1022 931 mari
1043 889 1213 931 obviam
1241 889 1426 930 eundum
1453 889 1568 931 hosti
1594 889 1718 943 foret,
1746 904 1764 933 2

162 951 340 1003 paratus
380 949 432 990 ad
472 949 611 991 omnis
650 952 828 991 conatus
868 951 998 1002 esset,
1036 948 1127 1002 ipse
1160 947 1477 990 Demetriadem
1512 948 1563 989 ad
1602 962 1718 989 mare

164 1007 402 1061 descendit,
452 1007 646 1049 Larisam
697 1009 806 1049 diem
852 1008 906 1049 ad
949 1007 1285 1049 conveniendum
1330 1007 1533 1048 exercitui
1576 1007 1720 1047 edixit.

161 1066 347 1120 undique
393 1066 446 1107 ab
492 1067 618 1108 sociis
664 1067 903 1122 legationes
947 1065 1267 1107 Demetriadem
1309 1066 1362 1106 ad
1407 1065 1566 1106 famam
1606 1066 1718 1120 regis
1746 1081 1766 1111 3

161 1128 461 1167 convenerunt.
513 1126 775 1167 sustulerant
808 1126 920 1167 enim
953 1125 1119 1166 animos
1145 1124 1291 1165 Aetoli
1318 1138 1413 1165 cum
1446 1124 1499 1165 ab
1527 1124 1721 1165 Romana

164 1183 368 1225 societate
389 1186 480 1225 tum
502 1186 601 1238 post
614 1184 751 1226 Attali
770 1184 1012 1237 adventum,
1032 1183 1322 1237 finitimosque
1337 1183 1719 1236 depopulabantur.
1745 1202 1767 1232 4

209 1346 370 1389 praedae
414 1349 514 1380 actae
555 1347 657 1391 sunt]
697 1347 906 1391 stereotype

163 1392 373 1436 Wendung,
394 1391 445 1426 im
467 1392 641 1437 Singular
667 1393 755 1428 oder
780 1393 906 1428 Plural

161 1439 236 1483 vgl.
248 1438 309 1482 26,
323 1443 379 1482 40,
391 1443 423 1474 4.
437 1438 496 1482 24,
509 1443 565 1482 20,
576 1444 609 1474 4.
622 1440 681 1483 29,
694 1444 726 1483 4,
740 1440 861 1483 7.1,1,
874 1443 904 1475 5.

163 1490 196 1530 5,
223 1490 254 1520 4.
282 1486 316 1530 2,
344 1490 399 1530 60,
420 1490 451 1520 2.
480 1490 537 1530 64,
561 1491 593 1521 3.
619 1486 654 1529 3,
675 1491 707 1530 5,
730 1491 774 1522 10
793 1500 828 1522 u.
852 1491 905 1523 13.

163 1536 218 1576 38,
246 1536 286 1576 33
320 1532 441 1568 ferner
467 1537 522 1575 68,
550 1537 570 1567 2
591 1535 769 1578 praedam
795 1535 905 1579 abiyz'.

161 1579 196 1622 4,
223 1583 280 1623 21,
308 1583 339 1614 1.
376 1580 411 1623 5,
439 1583 494 1623 12,
521 1583 552 1615 5.
581 1585 635 1623 14,
663 1585 694 1616 7.
721 1584 777 1625 45,
805 1585 835 1616 5.
875 1581 907 1624 7,

161 1631 218 1671 30,
242 1631 295 1662 15.
321 1627 357 1671 9,
383 1631 439 1671 36,
469 1631 522 1662 12.
550 1627 609 1671 10,
638 1631 692 1671 12,
719 1631 751 1663 8.
778 1632 835 1671 20,
865 1632 907 1662 10

157 1684 269 1718 prae
301 1684 342 1708 se
374 1685 477 1719 ayere
504 1675 692 1719 praedam.
742 1674 776 1718 3,
804 1679 860 1719 66,
887 1679 907 1710 6

160 1731 253 1765 prae
278 1731 314 1756 se
339 1724 482 1766 ayentes
506 1733 541 1756 u.
568 1732 599 1757 ο.

213 1784 244 1815 6.
284 1780 401 1814 decem
443 1783 481 1814 eff
517 1781 662 1825 septem]
704 1780 784 1815 Liv.
824 1782 909 1825 sagt

166 1827 410 1870 septemdecim
430 1838 498 1861 nur
517 1838 625 1861 wenn
643 1827 752 1861 keine
773 1827 908 1862 andere

169 1873 260 1907 Zahl
305 1873 439 1907 darauf
478 1873 591 1918 folgt,
643 1875 745 1908 sonst
793 1874 909 1909 decem

167 1923 298 1964 septem
322 1919 383 1963 24,
410 1923 465 1963 15,
485 1923 517 1955 2.
553 1921 668 1955 decem
692 1924 822 1964 septem
846 1923 911 1955 mi-

166 1967 239 2009 lia;
266 1967 380 2002 decem
400 1970 431 2001 et
449 1970 579 2011 septem
597 1968 701 2002 milia
719 1967 779 2010 34,
804 1972 858 2011 10,
878 1973 910 2002 4.

217 2025 304 2068 fusa
318 2036 361 2060 ae
379 2025 525 2071 sufflata]
543 2025 703 2060 beliebte
719 2026 912 2061 allitterie-

167 2072 279 2107 rende
305 2071 450 2107 For-mel
477 2073 541 2107 des
568 2072 665 2115 Liv.;
702 2073 767 2106 das
793 2072 912 2108 voller

167 2118 331 2154 t6nende
353 2120 486 2164 fuyata
506 2120 607 2154 steht
625 2119 735 2154 dabei
755 2121 846 2154 stets
865 2131 911 2154 an

165 2165 314 2201 zweiter
351 2166 484 2209 Stelle,
514 2166 626 2201 meist
656 2166 725 2201 mit
756 2178 822 2211 que
850 2177 911 2200 an-

167 2213 299 2258 gefu'gt
326 2213 415 2247 oder
441 2213 536 2247 ohne
557 2213 817 2258 Verbiuduug3
844 2213 913 2247 mit

167 2271 212 2295 ac
242 2272 312 2294 nur
346 2260 440 2294 noch
474 2259 515 2302 3,
543 2264 603 2303 11,
631 2263 662 2295 8.
691 2260 756 2301 29,
783 2265 846 2304 36,
874 2265 911 2303 93

167 2305 324 2341 variiert
367 2306 481 2341 durch
529 2308 652 2349 fusum
696 2308 913 2352 pulsumque

167 2352 228 2396 29,
254 2356 312 2396 28,
338 2356 369 2388 8.

221 2415 252 2446 7.
271 2411 396 2455 mayni
416 2415 628 2446 commeatus
645 2413 837 2458 frumenti]
853 2413 913 2448 die

169 2458 239 2492 Art
264 2458 329 2492 der
350 2457 488 2492 Zufuhr
512 2458 562 2492 ist
580 2460 771 2494 mehrfach
798 2460 915 2494 durch

170 2505 279 2539 einen
293 2503 532 2549 beigefiigten
547 2504 695 2540 Genitiv
708 2506 914 2550 bestimmt3

172 2552 246 2597 vgl.
276 2563 306 2586 c.
332 2554 389 2594 45,
418 2555 461 2585 15
487 2553 603 2586 omnis·
627 2554 776 2596 yeneris.

220 2610 395 2655 subvecti]
416 2610 582 2655 haufiges
593 2610 756 2644 Verbum
771 2623 833 2645 zur
845 2612 912 2646 Be-

172 2657 378 2702 zeichnung
398 2656 461 2691 des
481 2656 762 2691 Nachfahrens
783 2670 816 2692 u.
829 2671 855 2692 s.
870 2671 911 2692 w,

173 2703 238 2738 der
264 2703 551 2746 Lebensmitte13
589 2703 663 2748 vgl.
691 2703 756 2747 21,
793 2709 856 2747 57,
891 2708 911 2739 5

170 2751 246 2785 ‘nisi
276 2761 364 2795 quos
398 2751 504 2785 Pado
535 2761 643 2784 naves
673 2752 912 2786 subveherent.

170 2796 238 2840 22,
264 2801 326 2841 37,
359 2802 378 2832 6
411 2798 648 2832 subvectums.
699 2797 764 2840 24,
797 2802 859 2841 40,
893 2803 911 2832 2

174 2844 322 2887 flumine
348 2845 496 2879 adverso
520 2845 734 2879 subvectum.
770 2845 828 2886 26,
857 2849 912 2888 20,

176 2893 196 2925 9
216 2902 249 2925 U.
268 2895 322 2925 11.
361 2890 396 2935 5,
412 2896 443 2934 7,
461 2895 503 2925 13
530 2892 575 2926 ab
595 2891 682 2926 urbe
702 2896 914 2926 commeatus

978 1346 1135 1380 subvehi.
1179 1345 1221 1387 9,
1250 1349 1310 1387 15,
1344 1349 1375 1380 3.
1415 1349 1478 1386 ⁶23,
1507 1348 1560 1378 10.
1599 1349 1662 1387 43,
1689 1348 1720 1379 8.

979 1392 1039 1435 42,
1067 1396 1123 1432 31,
1150 1395 1181 1426 8.
1208 1391 1268 1435 44,
1291 1395 1346 1435 22,
1367 1396 1398 1427 8.
1425 1391 1485 1433 45,
1508 1395 1561 1433 11,
1584 1395 1601 1426 7
1629 1392 1723 1426 nihil

980 1450 1023 1474 επ
1049 1441 1214 1484 Aeyypto
1238 1439 1509 1474 subvehebatm·.

1028 1543 1062 1568 c.
1095 1532 1218 1568 5—8.
1263 1532 1594 1576 Fortsetzung
1638 1532 1722 1566 des

980 1579 1365 1614 makedonischen
1400 1579 1601 1624 Krieges.
1647 1579 1722 1622 (27,

981 1631 1036 1671 29,
1061 1631 1081 1662 9
1103 1647 1146 1652 —
1167 1631 1223 1669 33,
1251 1627 1296 1670 5.)

1028 1672 1112 1718 c.5,
1127 1678 1155 1708 1.
1178 1673 1368 1718 Lemnum]
1383 1672 1482 1707 diese
1494 1672 1577 1707 dem
1587 1672 1723 1707 Mittel-

980 1722 1100 1765 punkt
1138 1721 1203 1755 der
1233 1720 1549 1754 makedonischen
1582 1719 1723 1754 Ktisten

981 1768 1193 1812 gegem'iber
1225 1767 1396 1811 liegende
1421 1766 1520 1801 Insel
1544 1765 1637 1800 wird
1669 1767 1724 1801 als

983 1815 1210 1859 Stiitzpunkt
1252 1814 1310 1848 fiir
1350 1813 1598 1858 Operationen
1643 1824 1723 1848 aus—

981 1862 1156 1906 gewahlt.
1206 1861 1357 1905 Philipp
1391 1860 1499 1894 sucht
1530 1860 1569 1894 in
1594 1860 1724 1895 Deme-

983 1909 1075 1943 trias
1101 1910 1176 1954 (am
1202 1907 1470 1952 pagasi'iischen
1490 1907 1723 1950 Meerbusen)

984 1956 1058 1990 und
1099 1955 1138 1989 in
1176 1955 1303 1988 Larisa
1345 1955 1420 1998 (am
1451 1952 1606 1997 Peneus)
1645 1954 1725 1988 sein

983 2003 1100 2037 Reich
1131 2002 1227 2036 nach
1254 2000 1377 2035 Stiden
1408 2012 1452 2034 zu
1484 2000 1625 2035 decken
1649 2001 1725 2034 und

985 2050 1064 2084 eine
1099 2049 1340 2092 Verbindung
1365 2047 1435 2081 mit
1465 2047 1535 2082 den
1566 2047 1726 2092 griechi-

985 2097 1098 2131 schen
1118 2095 1446 2140 Bundesgenossen
1468 2094 1724 2129 herzustellen.

1032 2147 1064 2177 2.
1079 2144 1172 2177 diem
1192 2142 1241 2177 ad
1260 2141 1558 2187 conveniendum]
1578 2141 1628 2175 ist
1648 2141 1724 2175 offi-

985 2190 1090 2225 zielle
1104 2189 1263 2231 Formel,
1277 2188 1347 2224 mit
1361 2189 1425 2223 der
1440 2188 1500 2222 die
1515 2188 1726 2222 romischen

985 2237 1161 2272 Soldaten
1193 2236 1288 2270 nach
1316 2236 1435 2270 einem
1462 2235 1726 2279 Sammelplatz

982 2283 1135 2319 bestellt
1166 2283 1329 2324 werden,
1361 2283 1426 2317 der
1453 2281 1520 2316 Ort
1551 2283 1642 2316 stets
1673 2282 1725 2316 im

984 2330 1133 2373 Aecus,
1162 2329 1266 2364 Stell.
1292 2330 1344 2364 im
1368 2329 1464 2364 Anh.

1034 2381 1065 2412 3.
1099 2378 1148 2412 ad
1184 2377 1321 2419 famam
1352 2376 1460 2421 reyis]
1502 2374 1728 2419 „veranlasst

986 2424 1102 2459 durch
1123 2425 1189 2458 das
1204 2423 1366 2458 Gerticht
1384 2425 1499 2465 v0n“;
1522 2423 1597 2466 vgl.
1613 2432 1642 2457 c.
1657 2426 1690 2466 2,
1705 2426 1726 2455 4

987 2473 1035 2506 ad
1061 2472 1224 2515 primum
1249 2472 1447 2505 clamorem.
1492 2481 1522 2503 e.
1549 2473 1605 2513 36,
1633 2473 1653 2503 5
1679 2470 1728 2503 ad

987 2529 1084 2563 spem
1113 2518 1276 2552 novandi
1308 2528 1362 2552 res
1391 2517 1534 2561 aliquid
1558 2519 1726 2551 moturos.

988 2577 1016 2599 c.
1044 2569 1101 2607 46,
1131 2569 1170 2598 11
1199 2565 1247 2599 acl
1271 2564 1409 2607 famam
1433 2564 1602 2598 nominis.

1033 2617 1066 2647 4.
1094 2623 1173 2646 cum
1206 2612 1251 2646 ab
1279 2632 1320 2636 —
1348 2610 1530 2655 societate]
1563 2609 1726 2653 „infolge

986 2659 1050 2694 des
1075 2658 1336 2693 Biindnisses“.
1381 2658 1426 2692 ab
1452 2657 1536 2691 tritt
1561 2656 1622 2690 bei
1647 2656 1726 2691 Liv.

986 2717 1067 2739 zum
1104 2705 1283 2739 kausalen
1321 2703 1490 2745 Ablativ,
1527 2702 1729 2737 besonders
1781 2707 1792 2716 “

986 2752 1132 2786 solcher
1158 2751 1415 2793 Substantiva,
1443 2751 1502 2784 die
1528 2750 1635 2784 einen
1661 2749 1728 2784 Ge-

986 2798 1241 2832 mfitszustand
1261 2798 1500 2839 bezeichnen,
1523 2797 1597 2841 vgl.
1614 2808 1642 2832 c.
1660 2801 1691 2840 7,
1707 2800 1727 2830 9

987 2846 1031 2880 ab
1065 2846 1185 2879 eadem
1217 2845 1285 2879 ira.
1331 2855 1359 2879 c.
1388 2848 1451 2888 20,
1478 2848 1497 2879 6
1531 2845 1575 2878 ab
1607 2845 1667 2878 ira
1698 2847 1730 2877 et

987 2893 1031 2926 ab
1057 2893 1149 2927 odio.

1604 425 1719 463 terra
1745 432 1763 463 7
