1953 3278
796 119 1012 154 ANHANG.
1602 119 1682 160 117

128 230 286 272 petuam.
338 236 366 261 c.
403 229 459 269 34,
493 230 512 260 5
546 226 583 259 in
617 237 803 260 suwmum.
854 237 883 260 c.
911 230 966 268 34,
1002 230 1043 260 13
1078 226 1116 260 iu
1147 237 1270 260 unum.
1322 235 1350 260 e.
1384 229 1440 268 36,
1473 230 1493 258 5
1527 227 1563 259 in
1597 229 1684 260 tuto.

130 285 159 309 c.
185 277 242 315 36,
271 276 313 307 12
338 273 379 307 in
406 283 530 308 unum.
583 283 611 306 c.
639 277 695 315 37,
722 276 742 306 2
771 273 1055 317 inperpetuum.
1107 272 1141 316 8,
1169 276 1199 313 6,
1227 276 1247 306 3
1276 273 1313 306 in
1340 273 1485 307 incerto.
1537 283 1566 306 e.
1589 276 1620 314 7,
1644 277 1684 306 17

128 321 170 355 in
193 322 383 364 posterum.
435 329 464 354 c.
496 322 527 360 7,
555 323 597 353 19
625 320 664 354 in
685 323 908 363 perpetuum.
961 331 990 355 e.
1019 323 1050 361 7,
1077 323 1120 353 22
1154 320 1195 353 in
1215 323 1407 363 posterum.
1460 329 1490 353 c.
1518 323 1572 361 11,
1599 323 1619 352 5
1646 321 1686 353 in

130 377 253 401 unum.
300 377 330 401 c.
353 369 407 409 13,
437 369 478 400 14
507 367 544 400 in
567 370 790 410 pcrpetuum.
835 377 864 400 c.
887 369 942 408 28,
969 370 988 400 5
1016 367 1055 400 in
1075 366 1274 410 publicum.
1322 377 1351 400 c,
1378 369 1433 409 28,
1460 370 1481 400 9
1507 367 1547 400 in
1571 370 1685 410 poste-

129 424 220 448 rum.
273 424 301 447 c.
330 416 387 454 34,
415 416 435 447 9
463 414 503 447 in
522 418 656 457 pacato
682 433 727 438 -
752 413 793 447 -ιή
818 413 961 447 hostico.
1014 423 1043 447 e.
1072 418 1127 453 38,
1155 417 1173 446 2
1202 413 1239 446 in
1265 413 1408 447 hostico.
1460 424 1489 447 c.
1517 417 1573 455 39,
1599 415 1619 447 8
1646 414 1686 447 in

128 461 253 495 medio.
304 459 340 503 9,
367 464 400 503 2,
429 464 446 494 7
483 461 522 494 in
554 460 676 494 medio.
727 470 757 494 c.
786 463 816 501 7,
846 464 887 492 12
922 460 962 493 in
989 459 1146 503 privato.
1198 470 1227 493 e.
1259 463 1310 501 12,
1339 463 1358 492 2
1391 461 1431 493 4ιή
1459 464 1685 504 perpetuum.

129 517 158 542 c.
188 510 242 550 13,
270 510 290 540 4
317 507 355 540 in
384 518 508 541 unum.
560 517 588 541 c.
619 510 672 549 17,
700 509 719 539 2
748 506 787 539 in
814 506 976 539 medium.
1029 516 1057 539 c.
1086 508 1143 548 23,
1172 508 1214 539 16
1242 506 1411 539 inunum
1439 518 1472 540 u.
1503 507 1538 540 in
1561 507 1686 541 medio.

129 564 158 589 c.
187 557 242 596 24,
274 557 316 587 10
344 555 382 588 in
406 554 602 598 publicum.
642 563 673 586 c.
695 556 750 594 26,
773 556 792 585 2
815 552 993 596 inplcmo.
1039 563 1068 587 c.
1092 555 1148 594 26,
1170 554 1190 585 8
1213 553 1251 585 in
1272 553 1489 587 universum.
1535 564 1565 587 c.
1587 558 1642 595 31,
1665 558 1685 587 9

128 601 167 634 in
192 601 358 634 medium.
412 611 440 634 c.
467 604 524 641 39,
551 603 571 633 3
599 600 638 633 in
658 599 877 643 propinquo.
929 610 957 633 c.
986 602 1041 640 43,
1078 602 1119 632 12
1151 599 1191 633 in
1219 599 1383 634 medium.
1435 610 1465 633 c.
1492 603 1547 641 43,
1578 604 1619 633 17
1647 602 1687 634 in

128 658 252 682 unum.
312 647 370 685 10,
404 650 436 690 2,
472 650 511 680 11
546 647 585 680 in
616 646 741 680 medio.
791 657 819 681 c.
855 649 886 687 2,
923 649 964 680 13
998 646 1037 679 in
1069 646 1193 680 alium.
1245 656 1274 680 e.
1311 650 1364 688 14,
1398 650 1418 681 8
1451 647 1492 681 in
1523 657 1685 691 aequum.

128 705 157 730 c.
193 698 246 735 14,
283 699 323 729 17
360 696 397 728 in
428 694 595 738 primum.
647 704 676 727 e.
710 696 766 736 23,
801 696 842 727 12
878 694 916 727 in
944 692 1142 737 publicum.
1195 704 1224 727 c.
1259 697 1314 735 25,
1351 697 1391 727 12
1426 695 1466 728 in
1497 697 1687 738 utrumque

129 745 293 776 auctores
316 743 411 776 szmt.
464 751 492 775 c.
523 743 578 783 26,
605 744 624 774 9
653 741 690 774 in
719 740 841 775 medio.
894 751 923 774 c.
950 743 1006 783 29,
1033 743 1053 774 2
1080 741 1121 774 in
1147 750 1297 774 cassum.
1350 752 1378 775 c.
1407 744 1463 784 34,
1491 743 1509 774 7
1540 741 1577 774 ίη
1598 752 1685 784 pra-

122 789 272 833 pae'nquo.
337 799 365 822 0.
393 791 448 829 36,
479 792 493 822 1
525 788 562 822 in
590 788 752 822 medium.
812 799 839 822 c.
868 791 923 830 36,
951 791 993 822 14
1028 788 1069 822 in
1103 788 1226 823 medio.
1284 799 1311 823 c.
1347 790 1402 830 38,
1436 790 1456 822 8
1488 788 1528 822 in
1560 789 1685 821 medio.

128 846 156 871 e.
183 840 240 877 41,
267 839 288 870 6
314 836 353 869 in
374 835 506 879 primo.
529 855 571 860 —
593 834 653 879 21,
680 838 736 876 28,
764 838 807 869 10
835 836 873 869 in
893 835 1017 869 altum.
1069 845 1097 869 c.
1119 838 1175 878 46,
1198 838 1218 869 9
1244 836 1284 869 in
1304 836 1469 869 medium.
1519 834 1578 876 22,
1605 839 1636 877 4,
1665 839 1685 868 3

128 884 168 917 in
201 885 335 926 aperto.
386 893 415 917 c.
446 886 498 924 14,
529 886 568 916 11
603 882 644 916 in
676 893 838 926 aequum.
890 893 918 917 c.
948 886 1003 923 24,
1031 885 1050 915 2
1085 883 1125 916 in
1149 882 1316 926 planum.
1367 893 1396 918 c.
1424 886 1480 923 47,
1508 885 1528 916 3
1562 883 1601 916 in
1626 883 1684 916 cle-

127 933 269 964 rectum.
339 940 367 964 c.
416 933 477 971 47,
517 932 537 963 8
580 930 619 963 in
662 930 784 964 medio.
856 939 884 964 c.
920 933 981 971 52,
1028 933 1048 963 6
1094 930 1135 963 in
1178 940 1300 963 unum.
1376 928 1441 971 23,
1484 932 1521 970 9,
1564 933 1605 963 13
1649 930 1690 964 in

120 977 319 1021 publicum.
372 987 400 1011 e.
430 980 484 1019 20,
513 981 532 1010 6
573 977 609 1011 in
649 977 834 1021 reliquum.
895 987 925 1011 c.
963 980 1019 1018 35,
1057 980 1099 1010 13
1139 976 1179 1010 in
1209 976 1355 1011 occ-ulto.
1416 987 1444 1010 c.
1478 979 1534 1017 43,
1570 979 1611 1010 13
1645 978 1685 1009 in

126 1023 250 1058 medio.
301 1034 330 1058 e.
370 1027 426 1065 46,
468 1027 510 1058 10
548 1024 589 1058 in
619 1027 752 1068 aperto.
803 1022 864 1066 ⁴24,
904 1027 966 1066 36,
1006 1027 1024 1057 7
1060 1024 1099 1057 in
1131 1023 1252 1057 altum.
1315 1034 1344 1057 e.
1377 1026 1433 1063 38,
1472 1026 1492 1056 9
1524 1024 1565 1056 vin
1599 1033 1684 1065 pm—

124 1072 271 1115 pinque.
334 1081 363 1105 c.
403 1074 459 1112 40,
496 1074 516 1105 3
554 1072 592 1105 in
624 1071 750 1114 plano.
814 1081 843 1105 c.
883 1075 938 1112 41,
979 1074 999 1105 6
1036 1070 1077 1104 in
1113 1071 1328 1114 propinquo.
1396 1069 1461 1112 25,
1509 1074 1539 1111 1,
1583 1074 1601 1103 7
1643 1071 1686 1104 in

124 1121 272 1159 secreto,
303 1118 344 1152 in
369 1118 528 1162 publico.
590 1129 618 1153 e.
646 1122 678 1161 3,
706 1122 746 1152 11
781 1118 822 1152 in
853 1118 936 1152 alto.
998 1128 1027 1152 c.
1056 1121 1111 1159 13,
1146 1121 1186 1151 12
1219 1118 1260 1151 in
1288 1117 1413 1161 plano.
1471 1127 1500 1152 ο.
1541 1120 1599 1158 14,
1641 1121 1684 1151 10

127 1165 165 1199 in
191 1165 319 1210 plano.
388 1175 417 1199 e.
458 1169 518 1207 15,
564 1168 584 1199 8
628 1165 669 1199 in
710 1165 927 1209 propinquo.
991 1175 1020 1199 e.
1066 1168 1128 1207 21,
1167 1168 1187 1198 6
1228 1165 1265 1198 in
1301 1164 1431 1208 primo.
1488 1174 1517 1198 0.
1549 1167 1605 1205 23,
1641 1167 1684 1198 15

125 1213 163 1246 in
198 1212 344 1247 occulto.
396 1223 423 1246 c.
459 1215 514 1255 26,
542 1215 561 1246 6
594 1213 635 1246 in
662 1215 855 1256 posterum.
908 1222 936 1247 e.
965 1215 1021 1255 27,
1056 1215 1098 1245 10
1130 1212 1171 1245 in
1202 1211 1316 1245 altum
1341 1223 1374 1244 u.
1412 1215 1453 1244 12
1486 1211 1525 1244 in
1557 1211 1682 1245 altum.

127 1269 156 1295 e.
178 1262 233 1302 35,
266 1263 286 1294 6
312 1259 351 1292 in
380 1270 502 1293 unum.
561 1258 620 1300 26,
641 1262 672 1301 2,
694 1262 714 1293 5
740 1259 781 1293 in
810 1270 930 1294 unum.
975 1270 1003 1293 e.
1033 1263 1064 1299 6,
1093 1263 1135 1293 16
1161 1259 1201 1292 in
1228 1269 1348 1292 verum
1373 1260 1488 1292 vertit.
1542 1269 1570 1292 c.
1604 1261 1634 1298 9,
1664 1261 1684 1291 7

126 1307 165 1340 in
194 1306 392 1350 publicum.
453 1317 481 1340 c.
521 1310 574 1349 17,
607 1310 627 1340 5
664 1307 705 1340 <in
744 1310 833 1341 arto.
894 1317 922 1340 c.
959 1310 1012 1348 17,
1045 1310 1066 1340 9
1106 1307 1145 1339 in
1171 1309 1367 1348 posterum.
1426 1316 1455 1340 c.
1490 1309 1543 1347 17,
1573 1308 1615 1339 13
1642 1306 1684 1339 in

125 1357 253 1388 iatum.
315 1365 343 1388 c.
386 1357 439 1395 19,
479 1357 498 1387 5
532 1354 571 1387 in
607 1357 746 1388 secreto.
809 1365 838 1387 c.
878 1356 934 1395 20,
972 1356 992 1387 9
1033 1353 1071 1386 in
1105 1356 1329 1397 perpetuum.
1391 1363 1421 1386 c.
1461 1356 1517 1394 31,
1558 1355 1600 1386 10
1644 1353 1685 1386 in

119 1403 315 1445 posterum.
372 1412 401 1435 c.
435 1403 499 1443 32,
536 1404 556 1434 6
593 1401 631 1435 in
662 1401 850 1444 reliquum.
904 1411 933 1435 c.
967 1403 1033 1442 35,
1072 1403 1092 1434 2
1130 1401 1171 1434 in
1205 1399 1362 1443 publico.
1422 1410 1451 1434 e.
1486 1403 1550 1441 35,
1585 1403 1603 1433 7
1643 1399 1685 1433 in

126 1448 272 1482 occulto.
327 1458 355 1482 e.
387 1451 443 1490 36,
473 1452 513 1481 11
543 1448 580 1481 in
601 1448 799 1491 publimcm.
855 1458 883 1482 e.
926 1451 982 1490 39,
1010 1450 1053 1481 13
1079 1447 1120 1480 in
1146 1450 1236 1481 arto.
1283 1457 1310 1480 0.
1343 1449 1398 1488 39,
1427 1449 1468 1480 18
1507 1447 1542 1480 in
1571 1446 1685 1480 medio

124 1506 158 1528 u.
187 1495 225 1528 in
252 1495 334 1529 alto.
387 1505 415 1528 c.
438 1498 494 1537 39,
525 1498 565 1528 19
594 1497 632 1528 in
659 1495 783 1529 altum.
829 1505 856 1528 c.
880 1498 936 1536 42,
963 1498 983 1528 2
1012 1495 1051 1528 in
1075 1505 1199 1528 unum.
1245 1505 1273 1528 e.
1295 1497 1352 1535 45,
1379 1493 1465 1527 5·in
1486 1498 1681 1537 posterum..

127 1541 187 1584 27,
213 1545 246 1583 2,
273 1545 294 1576 3
325 1542 366 1576 in
390 1543 566 1584 futurum.
619 1553 647 1576 c.
676 1545 708 1584 3,
736 1546 753 1575 1
788 1542 828 1576 in
854 1542 1002 1576 occulto.
1042 1551 1072 1575 e.
1102 1545 1155 1583 18,
1195 1545 1215 1575 5
1261 1542 1300 1575 in
1325 1551 1470 1575 summo.
1523 1552 1550 1575 c.
1579 1544 1635 1582 23,
1663 1544 1682 1574 7

126 1590 167 1623 in
185 1592 412 1632 perpetuum.
452 1600 481 1623 c.
503 1592 560 1630 39,
587 1593 607 1623 3
632 1590 675 1623 in
699 1599 822 1623 unum.
863 1600 892 1622 c.
914 1592 971 1632 42,
998 1592 1018 1623 8
1045 1588 1085 1622 in
1109 1599 1235 1622 unum.
1275 1598 1304 1622 c.
1326 1591 1382 1630 46,
1411 1591 1431 1621 2
1457 1588 1499 1622 in
1517 1591 1682 1632 unqu-sto.

126 1646 154 1670 c.
177 1639 234 1679 48,
261 1639 281 1670 6
307 1636 348 1670 in
373 1636 497 1670 medio.
548 1635 607 1679 28,
635 1639 667 1679 3,
694 1640 713 1670 9
743 1637 782 1670 in
806 1647 930 1670 unum.
982 1646 1011 1670 c.
1032 1640 1065 1679 4,
1093 1640 1112 1670 6
1140 1635 1282 1670 inulto.
1334 1645 1362 1670 c.
1384 1638 1417 1676 6,
1443 1638 1463 1669 5
1491 1635 1530 1669 in
1558 1635 1681 1669 medio.

125 1694 154 1717 e
184 1686 238 1726 14,
267 1686 309 1717 17
335 1682 376 1716 in
402 1683 595 1727 oblzquum.
647 1694 676 1718 c
706 1687 760 1726 14,
789 1685 832 1717 18
859 1683 899 1717 in
924 1683 1049 1717 medio.
1101 1693 1130 1716 c.
1159 1685 1214 1725 18,
1243 1686 1285 1716 12
1320 1682 1467 1716 εἠ·αἷΐο.
1520 1693 1549 1717 e
1578 1685 1634 1725 20,
1661 1685 1682 1716 5

123 1730 163 1764 in
193 1739 380 1765 summum.
431 1732 544 1773 c.28,
574 1734 613 1764 11
648 1731 689 1764 in
720 1733 915 1765 aeternwm
972 1741 1001 1764 c.
1029 1733 1085 1772 30,
1112 1733 1132 1764 9
1164 1730 1205 1763 in
1236 1729 1470 1764 contr-Qunam
1521 1740 1550 1763 e.
1578 1732 1634 1770 31,
1661 1732 1684 1762 4

123 1778 164 1812 in
187 1777 318 1811 maius.
369 1788 398 1812 c.
425 1780 480 1820 33,
508 1780 528 1811 9
555 1778 596 1811 in
621 1781 711 1813 arto.
762 1788 793 1812 c.
820 1781 875 1817 34,
903 1781 923 1812 5
956 1779 1241 1821 inperpetuum.
1293 1788 1320 1811 c.
1349 1780 1406 1818 36,
1438 1780 1458 1810 3
1490 1776 1533 1810 in
1558 1776 1683 1819 publi-

122 1835 212 1860 cum.
262 1835 292 1860 c.
320 1827 377 1867 37,
410 1828 428 1859 7
461 1825 501 1858 in
532 1825 657 1860 altum.
707 1828 822 1867 c.41‚
855 1829 897 1859 17
929 1825 971 1859 in
995 1828 1220 1868 perpetuum.
1278 1823 1398 1865 29,1,
1433 1826 1476 1857 14
1507 1824 1548 1857 in
1578 1834 1683 1858 szcco.

122 1882 152 1907 c.
175 1875 206 1915 1,
226 1874 271 1905 24
296 1871 582 1916 inperpetuum.
627 1883 656 1907 c.
677 1876 709 1915 3,
731 1875 750 1906 9
776 1872 817 1905 in
850 1873 977 1906 maius.
1035 1882 1063 1906 c.
1098 1876 1130 1915 6,
1164 1874 1207 1905 15
1235 1872 1274 1905 ιή
1305 1870 1430 1905 medw.
1488 1880 1517 1905 c.
1553 1873 1606 1911 17,
1641 1873 1684 1904 14

123 1919 163 1953 in
189 1918 408 1962 promiscuo.
466 1929 494 1953 e.
523 1922 580 1962 27,
613 1923 633 1954 6
668 1919 710 1953 in
743 1920 827 1953 alto.
887 1930 916 1953 c.
943 1922 999 1962 32,
1032 1922 1052 1953 8
1084 1919 1125 1952 in
1157 1918 1350 1963 obliquum.
1407 1916 1467 1959 30,
1504 1921 1556 1960 11,
1589 1922 1610 1951 4
1643 1917 1685 1951 in

122 1976 248 2001 unu-m.
298 1977 327 2000 c.
358 1968 412 2008 11,
440 1969 460 2000 6
493 1966 534 2000 in
558 1967 778 2010 propinquo.
831 1977 859 2001 c.
889 1970 942 2008 14,
969 1969 991 2000 4
1022 1966 1064 2000 in
1095 1968 1275 2000 seer-etum.
1326 1975 1355 1999 c.
1386 1968 1440 2007 19,
1473 1968 1493 1998 5
1526 1965 1567 1998 in
1597 1964 1681 1999 alto.

121 2024 151 2049 e.
185 2015 241 2054 32,
276 2016 294 2046 1
326 2012 369 2047 in
392 2016 619 2057 perpetuum.
669 2024 699 2047 c.
727 2016 781 2055 32,
815 2017 835 2048 8
868 2014 909 2048 in
939 2016 1069 2047 secreto
1099 2013 1272 2047 habitum.
1324 2023 1353 2046 e.
1389 2013 1445 2053 38,
1477 2015 1498 2046 8
1530 2012 1572 2045 in
1596 2022 1684 2055 pro-

120 2060 289 2103 fundum.
348 2070 377 2094 ο.
411 2063 468 2102 43,
503 2063 545 2094 12
577 2061 619 2094 in
649 2061 773 2095 altum.
837 2059 898 2101 31,
927 2064 981 2103 17,
1014 2064 1034 2094 6
1072 2060 1114 2094 in
1143 2060 1269 2094 medio.
1326 2071 1356 2094 o.
1389 2062 1446 2101 23,
1473 2062 1493 2092 2
1531 2059 1572 2092 in
1597 2070 1685 2102 pro-

119 2107 270 2152 pinquo.
323 2117 352 2141 c.
382 2110 438 2150 27,
467 2110 485 2141 7
513 2107 553 2141 in
578 2107 744 2142 medium.
796 2118 825 2142 c.
853 2111 908 2150 32,
935 2111 955 2141 2
981 2108 1023 2142 in
1045 2107 1236 2152 integrum.
1287 2118 1317 2141 c.
1338 2109 1396 2149 45,
1424 2108 1466 2140 15
1492 2106 1534 2140 in
1557 2116 1683 2140 wnum.

122 2164 151 2188 c.
172 2157 230 2197 46,
250 2157 292 2188 11
320 2153 362 2187 in
392 2154 570 2196 futurum.
622 2153 682 2198 32,
718 2158 773 2196 12,
806 2157 826 2189 8
859 2166 893 2189 u.
926 2158 946 2189 9
980 2155 1020 2188 in
1050 2165 1174 2188 unum.
1226 2164 1254 2188 c.
1282 2157 1338 2198 14,
1371 2157 1392 2187 6
1421 2153 1462 2187 in
1490 2156 1683 2196 poster-um.

125 2211 154 2235 c.
180 2203 238 2242 26,
268 2203 310 2235 18
335 2201 377 2235 in
396 2201 546 2244 privato
573 2221 615 2226 —
644 2202 684 2236 in
702 2202 904 2246 publicum.
955 2212 983 2236 c.
1012 2205 1069 2243 30,
1096 2205 1115 2235 2
1142 2202 1184 2235 in
1207 2212 1321 2235 mmm
1354 2212 1387 2234 u.
1423 2203 1463 2233 11
1491 2200 1530 2234 in
1556 2200 1683 2234 medio.

130 2257 160 2282 c.
187 2251 244 2290 35,
270 2252 292 2281 4
322 2258 395 2282 rem
426 2248 468 2282 in
498 2258 616 2283 serum
646 2252 810 2283 tractam.
860 2248 921 2291 33,
947 2253 980 2292 8,
1008 2253 1048 2282 11
1083 2250 1125 2283 in
1155 2251 1243 2282 tuto.
1293 2259 1323 2282 c.
1351 2252 1382 2289 9,
1412 2251 1451 2281 11
1484 2248 1527 2281 in
1557 2247 1682 2281 medio.

129 2305 159 2329 c.
182 2297 238 2337 17,
266 2297 310 2328 14
333 2295 376 2329 in
394 2295 518 2330 medio.
564 2305 592 2331 e.
616 2299 670 2338 18,
697 2299 718 2330 8
745 2296 786 2330 in
798 2297 1008 2340 propinquo
1034 2307 1068 2330 u.
1095 2299 1115 2329 9
1141 2297 1183 2330 in
1201 2296 1368 2330 medium.
1412 2305 1441 2329 c,
1466 2297 1520 2335 19,
1546 2298 1568 2328 4
1592 2294 1685 2338 fuya

130 2342 169 2376 in
194 2341 359 2384 expedito
383 2341 467 2384 fait.
518 2352 547 2377 c.
579 2346 632 2386 19,
659 2346 679 2377 7
711 2343 753 2378 in
777 2354 902 2378 unum.
953 2354 982 2378 c.
1010 2346 1066 2384 27,
1094 2347 1138 2377 10
1166 2343 1204 2377 in
1229 2342 1407 2385 futurum.
1458 2352 1487 2377 e.
1515 2343 1571 2383 28,
1600 2346 1618 2374 1
1644 2341 1686 2375 in

121 2389 333 2433 propinquo
357 2399 391 2422 u.
419 2391 438 2421 2
466 2389 506 2422 in
524 2389 685 2432 publico.
736 2400 765 2424 c.
794 2393 850 2432 29,
876 2394 896 2424 5
930 2391 970 2424 in
994 2390 1139 2424 hostico.
1190 2400 1220 2424 e.
1247 2392 1303 2432 29,
1330 2392 1350 2423 6
1382 2389 1424 2423 in
1442 2388 1683 2433 profundum.

130 2446 158 2470 e.
186 2438 243 2477 33,
270 2437 290 2468 2
316 2435 357 2468 in
382 2445 506 2469 unum.
556 2435 617 2479 34,
643 2440 676 2480 2,
702 2441 723 2471 9
749 2437 1000 2480 inpublicum
1024 2449 1058 2471 u.
1088 2440 1132 2471 10
1156 2437 1198 2472 in
1217 2436 1368 2480 publ-ico
1393 2455 1438 2461 —
1463 2436 1505 2470 in
1523 2436 1685 2480 privato.

133 2492 163 2516 c.
190 2485 223 2524 3,
251 2484 271 2516 6
304 2481 344 2516 in
366 2481 562 2525 publicum.
613 2493 643 2519 e.
669 2487 702 2527 4,
730 2488 771 2518 11
803 2485 846 2518 in
865 2484 1024 2528 publico.
1075 2494 1104 2518 c.
1130 2487 1164 2526 5,
1190 2488 1211 2518 3
1245 2485 1284 2517 in
1308 2483 1428 2517 dubio.
1478 2493 1508 2516 c.
1534 2485 1566 2524 5,
1595 2486 1615 2516 5
1644 2482 1686 2515 in

126 2529 277 2574 publico
308 2540 343 2562 u.
376 2532 395 2562 7
428 2529 470 2563 in
494 2529 694 2572 publicum.
752 2542 782 2566 c.
809 2534 843 2574 5,
869 2534 889 2565 9
920 2531 963 2565 in
986 2531 1186 2575 publicum.
1243 2542 1272 2566 c.
1299 2534 1332 2573 6,
1364 2534 1387 2564 4
1417 2530 1460 2564 in
1489 2533 1685 2564 aeternum.

128 2586 157 2610 c.
189 2579 221 2618 6,
253 2579 297 2609 14
330 2575 372 2609 in
401 2575 601 2619 publicum.
657 2587 687 2611 e.
718 2580 757 2621 6,
787 2581 829 2612 17
868 2578 909 2612 in
939 2581 1166 2622 perpetuum.
1224 2588 1254 2613 c.
1285 2581 1325 2621 8,
1354 2581 1372 2610 1
1411 2577 1453 2611 in
1483 2576 1684 2620 publicum.

132 2633 162 2657 c.
197 2626 251 2665 15,
284 2625 304 2657 8
343 2622 384 2656 in
414 2625 505 2657 arto.
565 2633 593 2657 c.
626 2626 683 2667 36,
721 2627 743 2657 4
773 2624 814 2658 iu
841 2627 982 2659 secreto.
1038 2635 1067 2658 c.
1101 2627 1158 2668 44,
1190 2628 1210 2658 5
1242 2624 1283 2658 in
1307 2624 1526 2667 promiscuo.
1576 2633 1606 2656 c.
1628 2625 1686 2665 54,

130 2673 150 2705 6
178 2670 216 2704 ἱπ
245 2669 463 2713 promiscuo.
517 2680 547 2703 c.
583 2672 645 2714 61,
673 2674 691 2703 7
726 2670 769 2704 in
802 2671 947 2706 occulto.
998 2669 1062 2712 35,
1097 2673 1160 2713 48,
1187 2675 1209 2704 4
1243 2671 1285 2704 in
1320 2680 1443 2704 unum.
1493 2668 1559 2712 36,
1588 2672 1627 2710 8,
1663 2671 1684 2702 5

127 2717 169 2751 in
202 2727 326 2751 unum.
391 2727 420 2750 o.
454 2719 492 2759 9,
526 2719 545 2749 7
572 2717 615 2751 in
643 2716 821 2760 futurum.
884 2728 914 2753 c.
955 2720 1015 2761 10,
1055 2720 1074 2750 7
1108 2718 1149 2750 in
1184 2717 1365 2751 diversum
1401 2735 1446 2741 —
1484 2717 1525 2750 in
1558 2716 1684 2759 plam.

129 2774 158 2798 c.
201 2766 261 2807 10,
300 2766 346 2797 14
382 2763 424 2798 in
461 2763 647 2807 reliquum.
717 2775 746 2799 c.
781 2768 842 2806 15,
874 2767 896 2798 8
934 2765 974 2798 in
1004 2764 1128 2798 altum.
1197 2774 1226 2798 c.
1263 2768 1322 2807 16,
1356 2766 1401 2797 10
1436 2763 1478 2797 in
1508 2762 1684 2806 expedito.

128 2820 158 2845 c.
187 2814 241 2853 17,
275 2813 320 2844 10
350 2810 390 2844 in
416 2813 551 2854 aperto.
602 2821 630 2844 c.
660 2813 715 2853 18,
747 2814 767 2844 2
801 2811 841 2845 in
865 2811 999 2855 primo.
1050 2821 1079 2845 e.
1106 2813 1163 2853 29,
1197 2814 1239 2844 11
1274 2812 1313 2845 in
1344 2813 1470 2844 tutum.
1522 2820 1551 2845 c.
1578 2813 1635 2853 31,
1661 2813 1682 2844 9

128 2857 170 2891 in
188 2860 383 2902 posterum.
441 2856 501 2902 37,
530 2860 584 2901 13,
610 2862 631 2891 4
659 2858 698 2892 in
723 2858 806 2892 alto.
865 2868 893 2891 c.
928 2861 990 2901 23,
1025 2861 1041 2891 1
1075 2869 1108 2891 u.
1136 2861 1157 2892 6
1183 2869 1216 2891 u.
1245 2861 1265 2892 9
1294 2858 1334 2892 in
1365 2856 1489 2891 altum.
1534 2867 1564 2891 c.
1586 2860 1641 2899 24,
1662 2861 1684 2889 4
