1953 3278
161 180 185 198 a.
206 173 255 198 Ch.
278 173 336 197 207.

671 159 815 194 LIBER
841 159 1004 195 XXVIII.
1056 159 1158 194 CAP.
1186 162 1218 195 8.
1662 157 1713 198 17

160 272 306 325 posset
338 267 556 310 celeritate
589 267 798 322 tenderet3
832 268 903 309 sed
936 267 1004 308 vix
1032 267 1242 309 rationem
1274 266 1373 307 iniri
1399 280 1537 320 posse,
1569 268 1711 307 utrum
1739 280 1758 307 3

162 344 186 370 a
219 342 262 369 se
295 326 494 369 audacius
528 341 581 368 an
614 326 807 381 fugacius
841 327 894 368 ab
927 326 1124 367 hostibus
1152 328 1325 379 geratur
1357 325 1533 366 bellum:
1568 324 1627 366 sic
1660 325 1714 366 ab

160 386 331 441 Opunte
358 385 565 438 Attalum,
593 385 652 427 sic
679 384 913 440 Sulpicium
941 385 994 425 ab
1020 383 1234 437 Chalcide,
1262 384 1321 425 sic
1348 385 1406 425 eis
1434 384 1538 438 ipsis
1566 383 1714 425 diebus

160 444 462 486 Machanidam
490 458 510 484 e
539 444 736 485 manibus
763 444 850 485 suis
878 444 1081 497 elapsum.
1132 442 1204 483 sed
1237 456 1323 484 non
1351 456 1517 496 semper
1549 442 1714 484 felicem
1743 453 1763 482 4

159 517 250 545 esse
282 503 448 558 fugam,
486 517 562 544 nec
594 517 670 556 pro
709 502 871 544 difficili
909 502 950 542 id
990 501 1148 542 bellum
1186 501 1446 553 habendum,
1484 502 1526 541 in
1567 516 1649 555 quo
1682 502 1717 542 si

162 562 287 603 modo
315 575 569 617 congressus
597 576 691 603 cum
718 560 914 603 hostibus
943 559 1013 614 sis,
1039 559 1203 600 viceris.
1248 559 1359 613 quod
1386 559 1569 613 primum
1593 563 1717 614 esset,
1745 571 1759 597 ῑ

159 620 470 662 confessionem
509 635 553 661 se
586 620 776 661 hostium
814 619 989 670 habere,
1021 632 1288 671 nequaquam
1322 632 1446 671 pares
1487 632 1578 658 esse
1613 619 1713 672 sibi3

161 680 278 720 brevi
307 682 348 720 et
373 679 595 720 victoriam
622 677 736 719 haud
762 677 936 719 dubiam
961 676 1222 729 habiturum,
1254 690 1330 717 nec
1358 676 1534 717 meliore
1562 681 1716 719 eventu

161 752 232 780 eos
266 752 409 779 secum
442 751 568 791 quam
602 751 675 790 spe
708 739 984 791 pugnaturos.
1041 735 1142 776 laeti
1169 748 1313 789 regem
1341 735 1446 776 socii
1479 735 1715 777 audierunt.
1754 749 1762 776 ·›

160 796 342 837 reddidit
367 796 463 836 inde
491 794 674 836 Achaeis
696 794 904 836 Heraeam
926 797 968 835 et
988 793 1269 847 Triphyliam,
1295 793 1544 847 Alipheram
1573 797 1716 836 autem

160 854 491 908 MegalopolitiS,
530 854 641 907 quod
675 868 847 895 suorum
880 853 1011 894 fuisse
1043 852 1193 893 finium
1227 853 1332 893 satis
1365 852 1621 906 probabant,
1653 868 1716 894 re-

160 914 312 954 stituit.
362 912 460 953 inde
487 912 667 953 navibus
702 913 887 966 acceptis
920 912 972 952 ab
1000 911 1186 952 Achaeis
1219 935 1274 940 —-
1308 915 1431 952 erant
1462 914 1603 952 autem
1628 914 1715 953 tres
1746 923 1763 929 ”

161 971 451 1026 quadriremes
485 973 527 1012 et
558 970 742 1012 biremes
774 971 952 1013 totidem
990 994 1047 999 -
1085 970 1340 1024 Anticyram
1381 970 1559 1011 traiecit.

1621 970 1718 1011 inde
1760 986 1762 991 ·

160 1030 532 1085 quinqueremibus
582 1032 746 1083 septem
791 1032 833 1071 et
874 1029 1028 1070 lembis
1072 1028 1227 1083 viginti
1272 1028 1475 1083 amplius,
1520 1043 1626 1082 quos
1671 1031 1719 1070 ut

161 1088 411 1143 adiungeret
427 1087 846 1143 Carthaginiensium
868 1088 1007 1141 classi,
1026 1087 1203 1129 miserat
1223 1088 1266 1128 in
1282 1086 1551 1128 Corinthium
1568 1089 1718 1141 sinum,

160 1146 375 1201 profectus
409 1146 461 1187 ad
494 1146 705 1200 Erythras
738 1147 1008 1200 Aetolorum,
1041 1160 1147 1200 quae
1179 1160 1311 1200 prope
1342 1146 1572 1200 Eupalium
1607 1149 1719 1199 sunt,

160 1206 454 1247 escensionem
486 1205 596 1246 fecit.

659 1205 771 1246 haud
803 1205 959 1247 fefellit
988 1205 1184 1246 Aetolos:
1217 1219 1317 1246 nam
1350 1205 1572 1246 hominum
1606 1205 1719 1259 quod

161 1267 234 1305 aut
266 1264 310 1305 in
344 1265 458 1319 agris
492 1267 567 1305 aut
591 1264 635 1304 in
662 1264 913 1319 propinquis
939 1264 1126 1306 castellis
1155 1263 1407 1305 Potidaniae
1434 1267 1560 1319 atque
1587 1264 1719 1318 Apol-

160 1323 300 1364 loniae
338 1323 438 1376 fuit,
481 1323 526 1363 in
564 1323 693 1364 silvas
732 1326 985 1377 montesque
1023 1323 1197 1376 refugit,
1243 1337 1413 1376 pecora,
1457 1337 1564 1377 quae
1607 1323 1719 1364 inter

160 1381 476 1423 festinationem
509 1381 625 1436 abigi
656 1382 927 1436 nequierant,
973 1384 1074 1423 sunt
1105 1382 1272 1435 direpta
1304 1384 1346 1422 et
1378 1382 1423 1422 in
1455 1396 1587 1423 naves
1621 1396 1719 1423 con—

160 1440 295 1494 pulsa.

363 1454 458 1481 cum
497 1440 550 1481 iis
591 1443 815 1495 ceteraque
853 1439 1010 1494 praeda
1047 1439 1173 1482 Nicia
1210 1443 1406 1494 praetore
1445 1439 1716 1482 Achaeorum

160 1499 342 1553 Aegium
376 1498 520 1552 misso,
553 1513 649 1540 cum
683 1497 938 1540 Corinthum
970 1499 1165 1553 petisset,
1197 1499 1405 1553 pedestris
1438 1499 1536 1540 inde
1569 1502 1714 1553 copias

159 1571 235 1611 per
254 1556 480 1598 Boeotiam
506 1560 620 1598 terra
641 1557 737 1599 duci
756 1558 893 1600 iussit.
936 1558 1027 1612 ipse
1049 1558 1102 1600 ab
1125 1557 1349 1600 Cenchreis
1371 1561 1539 1612 praeter
1558 1561 1718 1599 terram

158 1615 350 1657 Atticam
388 1630 516 1669 super
549 1615 727 1658 Sunium
766 1617 976 1672 navigans
1015 1617 1128 1658 inter
1165 1617 1327 1659 medias
1360 1631 1493 1671 prope
1526 1616 1719 1658 hostium

160 1674 308 1716 classis
353 1672 598 1716 Chalcidem
636 1676 850 1730 pervenit,
894 1675 994 1717 inde
1040 1675 1295 1718 conlaudata
1332 1675 1412 1717 fide
1459 1690 1507 1717 ac
1544 1676 1717 1730 virtute,
1770 1708 1787 1717 ..

159 1733 271 1787 quod
302 1747 439 1787 neque
471 1734 600 1775 timor
636 1748 714 1776 nec
747 1748 842 1788 spes
874 1734 1062 1776 flexisset
1094 1749 1240 1776 eorum
1275 1734 1459 1788 animos,
1499 1734 1718 1776 hortatus-

160 1806 252 1846 que,
278 1792 323 1833 in
348 1795 568 1846 posterum
594 1796 642 1834 ut
667 1792 814 1834 eadem
840 1794 1083 1835 constantia
1108 1796 1410 1848 permanerent
1434 1794 1479 1834 in
1501 1794 1717 1847 societate,

209 1934 239 1965 3.
268 1930 448 1965 audacius
474 1950 516 1955 -—
542 1931 726 1976 fuyaeius]
752 1931 822 1966 mit
842 1933 903 1967 be-

162 1977 423 2022 absichtigtem
451 1976 716 2023 Gleichklang;
749 1979 822 2022 vgl.
844 1979 903 2022 27,

164 2028 197 2066 4,
224 2028 244 2058 6
279 2035 342 2059 nec
373 2025 611 2060 inimiciorem
644 2045 687 2050 —-
720 2037 783 2060 nec
815 2027 903 2060 ami-

160 2072 298 2106 ciorem.

207 2129 224 2152 e
250 2119 417 2153 titanibus
451 2139 491 2143 —
525 2119 702 2165 elapsum]
742 2120 801 2154 die
836 2120 904 2154 mit

160 2175 203 2199 ecc
234 2165 496 2200 verbundenen
528 2166 652 2200 Verba
689 2167 809 2201 haben
842 2166 902 2201 bei

162 2210 236 2246 Cic.
257 2212 368 2247 meist
386 2213 428 2247 de
446 2213 541 2247 nach
563 2212 657 2247 sich:
684 2218 902 2258 extorquere,

160 2259 313 2303 eripere,
339 2260 433 2294 elabi
457 2261 500 2294 de
524 2261 711 2302 manibus;
739 2261 798 2295 bei
823 2260 901 2295 Liv.

159 2306 332 2340 meistens
343 2317 398 2349 ex,
409 2306 568 2341 seltener
579 2308 636 2350 de;
658 2307 732 2352 vgl.
743 2308 802 2352 26,
819 2311 872 2351 19,
883 2312 901 2342 7

165 2362 207 2386 ex
232 2353 345 2387 oculis
370 2354 537 2398 elapsam.

209 2402 240 2433 5.
267 2403 389 2434 eventu
415 2411 523 2444 quam
547 2421 593 2426 --
618 2402 692 2445 spe]
725 2402 795 2436 mit
826 2402 902 2437 kei-

160 2456 242 2480 nem
275 2445 448 2481 besseren
479 2446 628 2492 Erfolge
663 2449 718 2483 als
749 2448 808 2483 die
840 2449 902 2483 Er-

160 2494 331 2537 wartung
356 2493 419 2528 des
439 2493 609 2538 Erfolges
634 2505 815 2539 gewesen,
843 2496 902 2530 die

162 2538 214 2574 sie
240 2540 364 2574 bisher
388 2540 585 2575 bewiesen.

209 2591 239 2622 6.
282 2586 528 2633 Triphyliam]
569 2587 725 2623 elisches
770 2588 904 2623 Gebiet

161 2633 306 2668 siidlich
349 2644 435 2668 vom
481 2634 677 2678 Alpheios,
728 2635 903 2680 Aliphera

161 2678 338 2715 Grenzort
358 2681 578 2723 Arkadiens,
599 2693 663 2716 zur
676 2680 905 2717 Landschaft

162 2726 321 2771 Cynuria
345 2727 510 2773 geborig.

207 2784 354 2809 suorum
373 2775 486 2818 fuisse
503 2776 649 2822 finium]
671 2775 797 2819 „hatte
812 2776 904 2820 poli·

161 2820 256 2856 tisch
270 2833 313 2856 zu
329 2822 441 2856 ihnen
456 2823 622 2867 gehort“;
645 2822 720 2867 vgl.
735 2822 796 2867 40,
810 2827 867 2867 25,
883 2827 905 2857 4

161 2869 259 2903 culta
283 2880 326 2904 ea
351 2869 428 2904 loca
452 2879 599 2904 suorum
623 2870 754 2913 finium
780 2881 860 2905 esse.

209 2918 241 2949 7.
274 2916 506 2962 Anticyram]
541 2916 648 2952 Stadt
682 2917 721 2952 in
753 2917 901 2960 Phocis3

233 2980 290 3005 Tit.
310 2981 376 3006 Liv.
406 2982 439 3007 B.
460 2983 502 3007 28.

978 1933 1037 1967 die
1061 1932 1223 1967 anderen
1243 1936 1262 1974 ἓ
1283 1936 1374 1967 8-9
1396 1932 1609 1967 erwahnten
1631 1931 1719 1967 Orte

976 1980 1139 2021 gehoren
1189 1991 1270 2013 zum
1320 1978 1529 2014 atolischen
1579 1978 1718 2022 Bunde,

976 2026 1135 2071 Erythra
1144 2026 1238 2070 liegt
1247 2037 1305 2060 am
1317 2026 1596 2061 korinthischen
1605 2026 1719 2061 Meer-

975 2074 1091 2108 busen
1119 2073 1245 2116 selbst,
1273 2072 1331 2107 die
1357 2072 1514 2118 fibrigen
1539 2073 1644 2108 mehr
1669 2074 1720 2107 im

976 2119 1240 2155 Binnenlande.

1024 2170 1054 2201 8.
1082 2167 1396 2212 quinqueremibus
1421 2187 1464 2192 —
1491 2167 1628 2213 lembis]
1660 2167 1720 2202 bei

975 2215 1129 2258 Angabe
1149 2225 1222 2249 von
1243 2213 1414 2257 Schiffen,
1435 2213 1495 2248 die
1518 2216 1626 2248 unter
1645 2213 1718 2248 An-

974 2261 1136 2306 fiihrung
1185 2261 1284 2296 eines
1328 2261 1531 2296 Feldherrn
1581 2261 1719 2306 segeln,

974 2308 1069 2343 fehlt
1087 2308 1263 2343 meistens
1283 2308 1341 2343 die
1361 2307 1596 2353 Praposition
1621 2319 1718 2349 cum,

974 2356 1049 2400 vgl.
1064 2355 1124 2398 21,
1144 2360 1200 2397 26,
1216 2360 1235 2389 3
1261 2356 1444 2399 profectus
1465 2375 1508 2380 —
1528 2356 1719 2400 seaeaqinta

975 2403 1092 2447 longiis
1116 2403 1282 2438 navibus.
1334 2414 1362 2437 c.
1389 2405 1446 2445 46,
1474 2407 1505 2437 7.

1024 2455 1078 2484 11.
1110 2453 1254 2494 praeter
1286 2453 1418 2484 terram
1450 2449 1629 2495 Atticam]
1675 2461 1720 2483 zu

975 2500 1072 2531 terra
1108 2497 1193 2531 tritt
1236 2496 1290 2531 oft
1331 2496 1369 2530 in
1413 2495 1719 2541 appositioneller

976 2543 1100 2578 Weise
1127 2543 1191 2578 der
1215 2543 1486 2586 L'andername3
1514 2543 1587 2588 vgl.
1611 2554 1638 2577 c.
1661 2546 1718 2587 23,

977 2594 996 2625 7
1040 2602 1083 2625 ex
1114 2591 1248 2633 Africa
1279 2601 1354 2625 ora.
1405 2590 1470 2631 31,
1504 2594 1566 2633 25,
1602 2593 1642 2624 11
1678 2590 1720 2624 in

976 2637 1136 2672 Atticam
1161 2641 1303 2672 terram.
1355 2637 1428 2681 vgl.
1456 2637 1489 2670 d.
1516 2637 1611 2671 Anh.

1022 2695 1131 2728 super
1138 2684 1297 2719 Sunium
1310 2683 1504 2729 ηατίραηε]
1521 2683 1603 2727 „die
1612 2682 1718 2718 Hohe

976 2742 1047 2765 von
1069 2730 1222 2765 Sunium
1243 2729 1528 2773 umschiffend“;
1555 2730 1629 2775 vgl.
1651 2731 1717 2765 das

977 2788 1018 2812 so
1038 2777 1324 2822 gebrauchliche
1343 2787 1514 2821 superare
1532 2788 1617 2812 vom
1632 2777 1718 2812 Um-

976 2824 1103 2869 segeln
1134 2824 1198 2859 der
1222 2823 1464 2869 Vorgebirge.
1514 2824 1574 2868 26,
1607 2828 1663 2867 26,
1698 2828 1715 2859 1

974 2875 1143 2916 superato
1162 2871 1324 2906 Leucata
1344 2872 1614 2916 promuntmio.
1655 2871 1717 2916 31,

975 2922 1032 2962 22,
1059 2923 1078 2953 7
1106 2918 1264 2954 Sunium
1288 2928 1468 2963 superare.

1412 2982 1432 3012 2
