1953 3278
226 132 308 173 118
762 104 764 106 ’
896 133 1110 169 ANHANG.

223 239 262 273 in
302 239 375 274 allo
448 260 458 261 κ
509 240 545 272 iz
587 250 708 273 mmm.
773 250 800 273 c.
836 243 891 283 27,
929 244 946 274 7
984 240 1021 274 in
1056 240 1178 275 alt-am.
1243 252 1272 276 c,
1305 246 1360 286 29,
1400 248 1418 278 7
1456 256 1488 278 u.
1528 247 1548 279 8
1581 245 1622 278 in
1653 245 1778 280 altum.

224 296 254 318 c.
282 289 338 327 31,
366 290 385 320 9
413 287 452 320 in
478 251 601 320 adnm.
654 296 683 319 c.
711 289 767 328 41,
794 288 814 319 8
843 287 882 320 in
906 287 1022 322 medio
1049 307 1092 312 ——
1117 288 1159 322 in
1183 291 1344 324 extremo.
1397 301 1425 326 c.
1447 295 1503 334 53,
1533 295 1574 325 13
1601 292 1642 325 in
1661 295 1779 335 poste—

222 344 314 368 rum.
377 332 436 373 38,
469 336 500 373 3,
536 335 575 365 11
616 333 655 366 in
689 333 908 377 propinquo.
966 344 995 367 c.
1023 337 1056 377 4,
1091 337 1133 368 10
1170 335 1322 371 intuto.
1383 347 1401 371 c
1440 341 1494 379 16,
1527 342 1548 373 8
1586 338 1628 372 in
1651 349 1777 372 unum.

223 390 252 414 c.
275 383 330 422 23,
359 383 401 413 10
427 379 467 413 in
489 379 686 421 publicum.
732 389 760 413 c.
782 383 837 422 40,
864 384 902 413 11
929 380 971 414 in
991 381 1156 415 medium.
1202 392 1231 416 e.
1252 386 1310 425 41,
1333 386 1374 417 13
1401 384 1441 418 in
1458 385 1581 420 medio.
1630 396 1659 420 e.
1681 389 1736 425 50,
1759 390 1774 419 1

223 428 263 460 *in
287 436 414 460 serum.
465 436 493 459 c.
523 429 578 467 54,
606 429 627 459 4
654 438 686 460 u.
715 430 734 460 5
762 427 802 460 in
822 427 1021 471 publicum.
1073 438 1101 462 c.
1125 431 1179 471 56,
1209 432 1224 462 1
1254 429 1293 463 in
1319 429 1507 466 diversum.
1558 443 1587 466 e.
1609 436 1665 474 59,
1691 436 1711 466 2
1738 433 1779 466 in

216 472 405 516 publicam
439 492 482 496 —
516 472 556 506 in
582 473 781 516 privatum.
840 484 868 509 c.
904 477 960 517 59,
993 478 1013 508 3
1045 475 1083 508 in
1117 486 1241 509 imum.
1299 487 1327 510 e.
1362 480 1418 520 60,
1451 481 1470 511 2
1511 479 1551 512 in
1581 479 1777 522 publicum.

222 519 282 561 :39,
317 523 348 561 7,
381 522 401 553 5
434 520 472 552 in
502 519 699 563 publicum.
756 532 785 554 c.
816 524 870 563 13,
905 524 947 555 10
978 521 1019 555 in
1049 523 1262 565 promiscuo.
1314 534 1343 557 c.
1373 527 1426 566 14,
1459 528 1479 558 2
1512 525 1553 559 in
1581 526 1777 569 publ-icum.

223 578 251 600 (¹.
282 569 335 608 14,
363 569 383 600 9
410 566 450 600 in
475 570 606 610 operto.
657 578 687 601 c.
718 570 770 609 18,
799 572 818 602 6
850 568 890 602 in
909 568 1059 612 privato
1091 581 1125 603 u.
1159 570 1199 604 in
1229 570 1375 613 publico
1405 582 1439 604 u.
1474 574 1494 605 8
1526 572 1567 606 in
1591 573 1777 616 reliquum.

223 624 252 645 c.
274 615 329 654 29,
357 616 376 646 2
403 614 444 647 in
470 614 620 658 inteyro.
666 625 693 648 c.
717 618 772 657 30,
796 618 838 648 12
867 616 905 649 in
933 615 1055 651 medio.
1102 627 1130 650 c.
1153 620 1208 658 37,
1234 620 1370 651 14—15
1396 618 1437 651 in
1463 628 1585 662 aequo.
1631 630 1659 653 c.
1680 623 1736 662 44,
1759 624 1778 654 7

221 661 259 693 in
282 659 483 703 publicum.
529 672 558 695 c.
580 664 635 705 50,
664 665 683 695 6
712 662 750 695 in
769 666 908 697 secreto.
956 674 983 697 c.
1008 666 1062 705 50,
1093 667 1132 697 11
1162 664 1201 698 in
1221 674 1342 708 aequo.
1389 675 1418 698 c.
1439 668 1496 708 54,
1526 668 1568 699 12
1594 665 1635 700 in
1654 667 1778 701 medio.

222 706 281 749 40,
312 710 365 750 11,
392 710 412 740 5
438 708 479 742 in
504 708 628 743 medio.
680 719 708 743 e.
740 713 792 752 16,
822 712 864 743 10
892 710 928 743 in
958 721 1079 745 unum.
1132 721 1159 745 e.
1185 714 1237 752 18,
1265 713 1284 745 8
1312 712 1349 746 ¹in
1377 712 1500 746 medio.
1553 722 1582 746 c.
1608 715 1664 755 32,
1691 717 1711 747 6
1738 713 1776 748 in

221 753 346 788 medio.
398 764 426 787 c.
459 758 514 797 46,
550 759 590 789 13
632 756 669 789 in
705 766 825 790 tinum.
877 767 906 790 c.
940 760 996 799 51,
1030 761 1049 791 5
1088 758 1127 791 in
1154 759 1342 801 privatum
1375 771 1408 793 11.
1445 763 1462 792 7
1498 759 1538 793 in
1558 760 1776 803 promiscuo.

221 800 283 843 41,
316 804 347 842 2,
382 804 401 835 6
440 802 480 834 in
511 802 669 836 obscuro.
728 813 756 836 c.
792 807 830 846 9,
865 807 907 836 12
945 804 987 837 in
1023 807 1214 847 posterum.
1271 816 1300 839 e.
1337 809 1398 847 23,
1434 809 1475 839 15
1514 806 1555 840 in
1591 806 1779 851 reliquum.

221 846 281 890 42,
309 851 339 890 8,
371 852 385 880 1
416 849 454 881 in
481 859 603 882 tenum.
668 860 695 883 c.
727 853 781 891 17,
809 854 828 884 6
855 851 895 884 in
932 851 1078 886 incerto,
1131 862 1159 886 c.
1190 856 1243 893 19,
1273 857 1288 886 1
1318 854 1357 886 in
1378 854 1577 897 publicum.
1629 864 1658 888 c.
1684 857 1738 898 19,
1760 862 1778 887 2

220 895 262 928 in
292 905 415 929 raecco.
468 906 496 928 c.
524 899 580 938 41,
607 899 626 929 8
660 898 700 930 in
729 900 951 940 pemetmim.
1003 909 1032 931 c.
1059 901 1114 939 42,
1150 902 1166 931 1
1201 899 1241 932 in
1267 900 1488 944 propinquo.
1541 912 1569 935 c.
1596 904 1653 943 47,
1686 904 1706 935 8
1742 903 1780 936 an

216 944 440 985 perpetuum.
492 953 520 976 c.
549 946 604 986 60,
633 946 652 977 5
687 955 719 977 u.
756 947 773 977 7
806 944 846 978 in
878 947 965 979 tato.
1017 943 1075 987 43,
1103 948 1135 987 2,
1165 949 1206 978 12
1238 946 1277 980 in
1309 946 1488 988 futurum.
1545 958 1574 982 e.
1604 952 1659 992 13,
1688 951 1704 981 1
1742 950 1778 982 sn

220 989 418 1031 publicum.
470 1000 498 1023 c.
530 993 582 1031 17,
611 993 630 1022 3
658 991 912 1034 inposterum.
964 1002 992 1025 ο.
1023 995 1077 1033 18,
1104 994 1124 1025 8
1151 992 1192 1026 in
1211 996 1345 1036 aperto.
1397 993 1457 1037 44,
1485 998 1515 1036 7,
1544 998 1563 1029 8
1589 995 1630 1028 in
1655 1006 1779 1029 wnv‘m.

221 1046 249 1068 c.
276 1039 329 1077 16,
360 1039 401 1070 10
428 1037 466 1069 in
492 1037 688 1080 publicum.
735 1048 763 1071 c.
788 1040 842 1078 18,
869 1041 890 1071 4
915 1039 957 1071 in
981 1038 1159 1080 futurum.
1205 1050 1234 1073 c.
1257 1042 1312 1081 28,
1340 1043 1359 1074 5
1386 1041 1426 1073 in
1452 1043 1580 1074 tntum.
1626 1052 1654 1075 c.
1677 1045 1732 1080 35,
1759 1046 1778 1075 2

220 1084 258 1115 in
287 1083 432 1118 occulto.
485 1094 513 1117 c.
541 1088 597 1125 35,
628 1088 669 1119 18
695 1085 736 1118 in
762 1086 887 1120 medio.
933 1096 962 1120 c.
984 1089 1040 1127 41,
1069 1090 1089 1119 6
1115 1086 1156 1119 in
1181 1087 1304 1122 medio.
1355 1086 1414 1128 45,
1444 1092 1473 1130 1,
1501 1090 1521 1121 8
1547 1089 1589 1122 in
1613 1089 1779 1123 medium.

221 1141 250 1164 c.
281 1133 335 1172 18,
362 1135 382 1164 5
408 1131 448 1164 in
473 1132 598 1167 medio.
650 1142 680 1166 c.
710 1135 764 1175 19,
792 1136 812 1166 3
838 1133 879 1166 in
904 1133 1065 1166 clabiam.
1118 1143 1146 1166 c.
1175 1136 1231 1176 34,
1258 1137 1279 1167 3
1305 1135 1347 1167 in
1368 1134 1567 1177 publicum.

315 1176 524 1212 Vel-einzclt
544 1177 626 1212 sind
646 1178 935 1224 Verbindungen
956 1179 1025 1214 mit
1050 1179 1211 1214 anderen
1230 1180 1531 1225 Prapositionen:
1559 1180 1592 1223 4,
1615 1185 1646 1224 7,
1668 1185 1688 1216 3
1712 1192 1780 1226 pro

219 1223 372 1266 firmato.
424 1225 458 1266 5,
487 1229 541 1267 17,
569 1228 589 1259 8
629 1225 757 1260 bellum
787 1237 855 1270 pro
887 1230 988 1261 certo.
1041 1237 1070 1260 c.
1104 1229 1159 1269 55,
1186 1231 1206 1261 5
1240 1238 1308 1271 per
1337 1228 1534 1271 publicum.
1586 1228 1621 1273 6,
1648 1232 1703 1265 40.
1739 1233 1780 1263 17

217 1270 319 1305 haud
344 1281 416 1316 pro
453 1272 572 1306 dubio.
625 1271 684 1314 38,
712 1276 768 1316 21,
796 1277 815 1307 3
842 1283 911 1318 per
937 1274 1104 1308 arduum.
1155 1273 1215 1318 40,
1243 1278 1274 1318 9,
1304 1278 1347 1309 15
1373 1286 1445 1319 pro
1470 1276 1670 1318 manifesto.
1721 1275 1779 1318 42,

221 1321 277 1362 48,
306 1322 348 1352 10
368 1329 437 1363 per
463 1320 587 1353 altum.
638 1319 698 1364 45,
726 1325 757 1364 6,
785 1325 804 1353 5
826 1331 894 1364 per
920 1322 1042 1356 altum.

314 1366 350 1409 b)
377 1369 408 1400 3.
436 1365 694 1401 Deklination:

313 1413 347 1456 3,
375 1416 406 1456 8,
436 1417 455 1448 9
482 1415 600 1448 exitus
625 1414 725 1449 leand
750 1415 791 1448 in
815 1415 931 1457 facili.
982 1415 1017 1458 3,
1044 1419 1100 1459 65,
1131 1420 1170 1449 11
1198 1416 1239 1450 in
1265 1416 1413 1459 difficili
1438 1419 1496 1451 est.
1548 1417 1581 1459 5,
1609 1420 1665 1460 47,
1693 1421 1712 1451 5
1741 1417 1781 1452 in
1811 1439 1816 1441 -

212 1470 395 1504 praeceps.
446 1460 480 1504 6,
508 1464 540 1504 6,
570 1464 612 1496 18
646 1472 689 1495 eo:
715 1462 903 1496 communi.
955 1461 989 1505 6,
1017 1466 1072 1505 40,
1102 1466 1145 1496 18
1178 1464 1217 1497 in
1250 1473 1432 1497 commune
1462 1464 1611 1498 honores
1642 1474 1778 1499 vocare.

217 1506 277 1548 27,
305 1510 362 1547 27,
391 1511 431 1541 11
459 1509 500 1542 in
517 1518 701 1553 praeceps.
747 1508 807 1551 28,
834 1512 865 1552 6,
894 1512 914 1543 9
940 1520 984 1543 ea:
1005 1511 1158 1554 patenti.
1204 1510 1263 1552 32,
1291 1513 1347 1553 21,
1376 1514 1392 1544 1
1421 1511 1674 1546 incommune.
1718 1511 1778 1554 33,

218 1557 250 1595 9,
281 1558 320 1588 11
346 1565 412 1598 per
432 1556 600 1598 proclive.
654 1555 714 1598 34,
742 1560 797 1598 35,
828 1560 866 1589 11
895 1558 936 1590 in
960 1558 1153 1600 praesenti.
1204 1557 1265 1601 38,
1293 1561 1324 1598 7,
1352 1561 1371 1591 9
1405 1558 1454 1592 ad
1479 1560 1591 1592 inane
1622 1578 1668 1583 --
1697 1568 1779 1602 per-

217 1605 370 1636 ventum.
422 1601 481 1646 39,
508 1607 564 1645 47,
592 1608 612 1637 5
638 1603 679 1637 in
704 1603 806 1637 brece
830 1607 973 1638 coactae
998 1615 1138 1639 causae.
1203 1604 1261 1646 42,
1291 1608 1344 1648 15,
1376 1607 1416 1638 10
1449 1605 1489 1639 in
1514 1605 1654 1640 declive.
1719 1604 1779 1647 42,

219 1651 275 1692 66,
304 1653 321 1683 7
346 1659 411 1692 per
431 1661 614 1694 praeceps.
666 1648 726 1694 44,
755 1654 786 1692 5,
814 1654 834 1684 3
857 1662 924 1694 per
946 1651 1115 1694 proclive.
1248 1691 1265 1698 ..

312 1694 368 1730 Da.
401 1696 459 1730 ich
492 1697 587 1731 nach
623 1696 761 1732 diesem
793 1697 932 1732 kurzen
966 1700 1116 1743 Auszug
1149 1698 1207 1733 die
1242 1699 1515 1743 Uberzeugung
1546 1699 1659 1743 habe,
1699 1698 1779 1733 dass

217 1741 298 1777 eine
332 1742 548 1788 Mitteilung
586 1744 801 1779 szimtlieher
834 1745 1150 1789 Beobaehtungen
1185 1746 1276 1780 fiber
1302 1746 1366 1780 das
1398 1747 1581 1780 Neutrum
1608 1745 1687 1780 sich
1714 1757 1779 1780 aus

215 1790 420 1825 Rfioksieht
453 1791 519 1824 auf
548 1791 616 1825 den
644 1791 763 1825 Raum
797 1791 996 1834 verbietet,
1034 1791 1204 1838 begnfige
1230 1792 1291 1826 ich
1317 1792 1417 1827 mich
1443 1793 1513 1827 mit
1539 1792 1640 1828 einer
1665 1783 1779 1828 Uber-

217 1837 314 1871 sicht
345 1837 410 1872 der
441 1838 772 1873 substantivierten
805 1837 945 1873 Neutra
978 1839 1074 1874 nach
1107 1840 1171 1874 der
1204 1843 1256 1883 3.,
1289 1840 1419 1875 soweit
1449 1839 1502 1874 sie
1536 1839 1642 1874 nicht
1666 1840 1777 1875 sehon

215 1886 380 1928 genannt
406 1884 504 1919 sind:
532 1885 565 1929 1,
593 1890 624 1928 5,
652 1889 672 1920 2
699 1898 733 1921 u.
760 1889 780 1920 3
807 1887 981 1921 sollemne.
1040 1887 1078 1921 c(
1098 1891 1129 1929 9,
1160 1890 1212 1922 13.
1265 1898 1294 1923 e.
1324 1890 1377 1931 17,
1405 1890 1425 1921 5
1453 1897 1533 1921 cum
1560 1887 1777 1932 insignibus.

215 1942 243 1965 c.
272 1935 328 1975 21,
355 1936 375 1966 4
408 1932 581 1967 sollemne.
634 1944 663 1967 c.
691 1936 747 1976 31,
776 1937 795 1966 4
818 1945 848 1967 11.
880 1937 900 1967 8
925 1934 1102 1970 sollemne.
1152 1933 1186 1978 2,
1214 1937 1270 1976 27,
1298 1938 1317 1968 5
1345 1935 1542 1968 sollemnia.
1593 1945 1623 1969 c.
1651 1937 1706 1977 39,
1735 1937 1777 1968 12

214 1979 431 2023 insignibus.
483 1979 516 2021 5,
546 1983 576 2023 1,
603 1984 623 2014 4
648 1981 844 2015 sollemnia.
887 1991 916 2015 e.
946 1984 1000 2024 17,
1026 1985 1046 2014 2
1073 1981 1248 2016 sollemne.
1288 1993 1316 2016 c.
1344 1984 1400 2023 52,
1428 1985 1500 2015 311.
1530 1985 1551 2015 4
1576 1993 1610 2016 u.
1641 1985 1693 2015 11.
1744 1981 1779 2025 6,

216 2029 272 2068 35,
306 2030 336 2059 7.
402 2027 433 2069 7,
474 2030 507 2068 3,
539 2030 559 2060 8
597 2028 763 2062 sollemne
800 2028 895 2062 elavi
931 2028 1076 2073 figendi.
1139 2029 1174 2070 9,
1207 2032 1263 2070 29,
1297 2032 1317 2062 9
1355 2029 1543 2063 sollemnia
1569 2029 1645 2063 eius
1669 2029 1777 2063 sacri.

215 2084 244 2107 c.
279 2076 334 2116 34,
370 2076 410 2108 18
443 2075 737 2118 antiquissimum
767 2075 952 2118 sollemne,
985 2087 1018 2109 u.
1047 2088 1074 2111 s.
1102 2087 1163 2117 W.;
1203 2075 1430 2110 schliesslich
1462 2075 1522 2119 38,
1550 2079 1606 2119 57,
1633 2080 1653 2110 6
1686 2076 1780 2110 inter

210 2120 399 2164 publicam
418 2121 592 2156 sollemne.
632 2121 692 2165 40,
714 2125 746 2163 6,
770 2126 785 2155 1
815 2122 920 2157 euius
939 2123 1104 2158 sollemne
1123 2126 1172 2158 est
1193 2123 1271 2158 lale.
1311 2122 1373 2166 40,
1401 2125 1455 2166 10,
1483 2126 1502 2157 3
1523 2132 1597 2157 non
1615 2122 1780 2157 sollemne

214 2167 364 2202 lustrale
389 2168 566 2203 eoeereitus
591 2170 657 2204 tui.
716 2168 776 2211 41,
804 2172 860 2212 20,
889 2174 906 2204 7
944 2170 984 2204 id
1009 2173 1057 2204 est
1081 2171 1263 2213 penetrale
1288 2170 1401 2204 urbis.
1457 2168 1517 2213 42,
1545 2172 1600 2212 35,
1628 2173 1647 2203 3
1675 2179 1779 2213 eoque

213 2215 376 2249 sollemni
392 2215 558 2258 perfecto.
598 2215 657 2259 44,
687 2219 743 2257 21,
770 2220 790 2250 3
816 2216 980 2251 sollemni
999 2217 1221 2252 Latinarum
1236 2217 1404 2261 perfecto.
1444 2214 1504 2258 45,
1534 2219 1588 2259 19,
1609 2220 1652 2251 10
1673 2226 1780 2260 pra-e—

214 2262 362 2305 cipetum
387 2263 520 2306 capitis
545 2264 696 2307 insiyne.

310 2309 359 2343 Zu
386 2319 420 2344 e.
442 2309 477 2351 3,
506 2313 547 2343 12
574 2321 637 2345 nec
656 2321 754 2346 secus
774 2322 892 2354 quam.
933 2311 966 2353 2,
995 2314 1050 2353 30,
1081 2315 1134 2345 13.
1175 2322 1202 2345 c.
1230 2315 1287 2354 41,
1314 2315 1345 2345 9.
1396 2311 1431 2354 3,
1459 2314 1515 2354 28,
1542 2315 1573 2344 2.
1614 2322 1642 2345 c.
1670 2313 1725 2352 34,
1746 2312 1778 2345 8.

215 2366 244 2389 e.
272 2359 327 2398 35,
358 2360 410 2390 10.
461 2355 495 2398 5,
523 2361 578 2401 36,
608 2361 662 2391 11.
713 2369 741 2391 c.
770 2361 826 2400 41,
854 2362 884 2392 8.
938 2368 966 2392 c.
994 2361 1051 2401 43,
1078 2361 1098 2392 8
1135 2368 1198 2393 nec
1223 2368 1321 2392 sec-ils
1347 2369 1464 2402 quam.
1519 2358 1550 2401 7,
1581 2361 1634 2400 13,
1662 2360 1692 2391 6.
1744 2355 1778 2399 8,

215 2406 247 2445 8,
276 2406 329 2437 ιο.
381 2415 409 2437 c.
438 2407 551 2445 9,-12.
609 2415 637 2438 c.
666 2408 722 2447 39,
751 2408 781 2438 7.
838 2404 898 2446 22,
930 2408 984 2447 17,
1012 2408 1041 2439 3.
1101 2416 1130 2439 e.
1157 2408 1213 2448 41,
1241 2409 1272 2438 4.
1324 2416 1353 2439 e.
1382 2409 1437 2447 53,
1467 2408 1520 2440 10.
1576 2404 1636 2448 23,
1662 2407 1719 2447 41,
1747 2407 1777 2438 9.

213 2448 274 2491 26,
302 2454 358 2492 49,
382 2454 435 2485 16.
481 2451 540 2492 27,
564 2454 618 2492 44,
640 2455 670 2485 9.
718 2462 745 2485 c.
769 2455 825 2493 51,
849 2455 901 2485 10.
947 2451 1007 2494 28,
1029 2455 1062 2494 3,
1086 2455 1138 2485 12.
1184 2463 1212 2486 c.
1237 2456 1290 2495 15,
1314 2456 1367 2487 16.
1413 2462 1441 2486 c.
1464 2455 1520 2494 32,
1540 2455 1573 2486 4.
1619 2462 1647 2486 c.
1670 2454 1724 2495 37,
1746 2455 1777 2486 6.

213 2496 273 2540 29,
302 2501 358 2540 27,
388 2502 439 2531 15.
497 2497 557 2540 31,
591 2502 647 2539 35,
680 2503 711 2532 4.
770 2498 829 2541 32,
863 2502 920 2542 23,
955 2503 985 2533 5.
1036 2498 1097 2541 34,
1134 2503 1187 2543 19,
1222 2502 1252 2533 8.
1311 2498 1371 2543 36,
1405 2503 1460 2542 20,
1493 2504 1526 2533 2.
1575 2498 1636 2541 37,
1663 2501 1717 2541 29,
1745 2502 1777 2532 4.

214 2555 243 2580 c.
271 2547 327 2586 45,
355 2548 386 2579 9.
437 2544 497 2587 39,
523 2549 580 2587 32,
610 2550 661 2581 10.
714 2556 742 2579 c.
771 2549 828 2589 49,
855 2550 886 2581 ἴ).
945 2545 1006 2588 40,
1034 2549 1090 2589 22,
1117 2550 1139 2580 4
1171 2558 1203 2580 u.
1240 2550 1293 2581 10.
1345 2545 1405 2590 42,
1435 2550 1489 2590 13,
1518 2550 1548 2580 1.
1605 2556 1634 2579 c.
1662 2548 1717 2587 49,
1746 2549 1776 2579 2.

214 2590 274 2634 44,
303 2595 334 2633 9,
361 2595 392 2625 8.
444 2591 503 2635 45,
533 2596 586 2636 13,
613 2596 645 2626 2.
696 2603 724 2627 c.
753 2596 809 2635 28,
837 2596 867 2627 5.

309 2639 358 2672 Zu
393 2648 427 2674 e.
461 2639 495 2681 5,
530 2643 573 2673 2:
638 2639 699 2682 10,
738 2643 794 2683 33,
833 2643 853 2674 9
893 2639 1072 2674 militibus
1111 2640 1224 2675 edicto
1263 2639 1393 2674 Soram
1431 2639 1618 2674 convenire
1654 2639 1774 2673 iussis.

214 2695 242 2719 c.
265 2689 320 2727 38,
348 2690 378 2720 4.
430 2685 489 2728 22,
519 2690 574 2729 11,
600 2691 630 2720 3.
683 2698 713 2720 e.
749 2690 804 2728 12,
840 2690 869 2722 1.
921 2686 980 2730 23,
1009 2690 1064 2727 31,
1087 2691 1120 2721 3.
1159 2698 1187 2721 c.
1217 2690 1273 2729 31,
1294 2690 1326 2720 5.
1377 2697 1405 2721 ο.
1440 2690 1496 2729 35,
1529 2691 1561 2721 5.
1586 2696 1634 2720 -ο,
1657 2688 1712 2728 32,
1736 2690 1778 2719 14

216 2731 425 2768 Sinuessam
456 2734 549 2767 diem
575 2735 624 2768 ael
650 2735 932 2768 conveniendum
958 2735 1085 2768 ediaeit.
1136 2734 1198 2776 28,
1225 2737 1258 2777 5,
1284 2738 1316 2768 2.
1368 2744 1397 2768 c.
1425 2737 1458 2775 5,
1487 2737 1539 2767 13.
1589 2731 1650 2774 31,
1680 2736 1733 2774 11,
1758 2737 1773 2766 1

214 2781 274 2813 eui
293 2781 334 2813 in
348 2780 543 2815 Etruriam
563 2781 612 2815 ad
632 2782 914 2816 conveniendum
933 2782 1026 2815 diem
1043 2782 1215 2815 edioeerat.
1255 2780 1315 2823 38,
1336 2784 1368 2823 3,
1389 2785 1420 2815 2.
1459 2780 1520 2823 36,
1541 2783 1572 2821 8,
1593 2783 1614 2812 2
1634 2780 1710 2814 dies
1730 2780 1778 2814 ad

216 2828 495 2861 conveniendmn
522 2828 698 2862 exercitui
720 2827 862 2862 Pheras
881 2831 931 2862 est
956 2829 1087 2862 dietus.
1138 2827 1199 2870 40,
1220 2831 1277 2870 26,
1298 2832 1318 2862 6
1344 2827 1521 2861 militibus
1546 2826 1639 2861 diem
1664 2826 1778 2861 edice—

213 2875 303 2915 rent,
329 2884 398 2917 qno
426 2874 532 2908 Pisas
558 2875 799 2910 convenirent.
850 2874 910 2917 41,
937 2878 970 2918 5,
997 2879 1028 2909 6.
1084 2886 1112 2909 c.
1143 2878 1196 2917 10,
1227 2878 1267 2908 12
1301 2874 1483 2917 brevisque
1514 2873 1589 2908 dies
1615 2873 1663 2907 acl
1695 2883 1777 2908 eon-
