1953 3278
175 742 216 771 16
242 726 406 779 proelio
440 726 676 780 trepidarit.

243 153 301 192 44
702 153 845 187 LIBER
871 152 1034 187 XXVIII.
1081 152 1182 188 CAP.
1212 158 1264 188 19.
1291 158 1346 188 20.

1643 172 1667 190 a.
1688 173 1715 190 u.
1736 167 1800 192 548.

244 260 447 314 puerique
481 273 610 312 supra
643 259 776 299 animi
815 259 1090 313 corporisque
1127 260 1239 300 vires
1281 260 1453 314 adsunt,
1491 263 1804 317 propugnanti·

176 331 217 362 14
245 319 323 360 bus
355 318 443 358 tela
475 317 739 370 ministrant,
780 331 883 358 saxa
913 317 957 357 in
989 331 1134 358 muros
1166 318 1456 362 munientibus
1488 325 1654 375 gerunt.

1715 336 1807 364 non

243 377 418 418 libertas
452 375 590 416 solum
623 375 843 430 agebatur,
875 390 983 430 quae
1009 376 1198 417 virorum
1223 376 1400 418 fortium
1431 381 1601 421 tantum
1626 383 1802 434 pectora

244 435 374 487 acuit,
415 433 487 474 sed
519 433 673 474 ultima
712 434 911 475 omnibus
946 435 1156 488 supplicia
1194 437 1237 475 et
1267 435 1394 476 foeda
1423 451 1539 479 mors
1572 439 1626 480 ob
1660 439 1804 481 oculos

245 495 347 534 erat.

417 492 759 534 accendebantur
803 493 935 534 animi
975 496 1017 534 et
1060 493 1293 534 certamine
1337 494 1496 536 laboris
1536 511 1584 538 ac
1626 498 1807 552 periculi

177 567 217 595 15
245 554 373 603 atque
405 550 500 604 ipso
532 551 646 592 inter
677 566 722 592 se
755 554 999 606 conspectu.

1060 552 1203 606 itaque
1235 554 1357 594 tanto
1398 553 1547 595 ardore
1587 559 1806 598 certamen

243 608 398 649 initum
432 611 507 662 est,
540 612 588 650 ut
621 610 806 652 domitor
832 611 904 651 ille
936 611 1070 652 totius
1098 610 1333 665 Hispaniae
1361 612 1570 654 exercitus
1600 614 1653 654 ab
1680 615 1805 656 unius

244 667 389 720 oppidi
432 667 654 709 iuventute
701 683 829 723 saepe
872 669 1066 723 repulsus
1109 684 1133 710 a
1170 670 1302 711 muris
1348 670 1461 711 haud
1504 672 1608 713 satis
1653 672 1806 714 decoro

745 728 787 768 id
826 728 899 769 ubi
937 728 1046 769 vidit
1078 726 1238 782 Scipio,
1278 729 1457 782 veritus,
1494 743 1548 770 ne
1585 731 1707 772 vanis
1740 734 1809 772 tot

244 785 469 826 conatibus
497 799 672 826 suorum
699 788 742 826 et
766 786 963 828 hostibus
991 790 1200 828 cresceret
1226 788 1394 829 animus
1422 791 1465 829 et
1491 789 1662 843 segnior
1681 789 1805 831 miles

243 843 375 896 fieret,
409 843 584 884 sibimet
616 845 857 885 conandum
891 859 938 886 ac
971 848 1136 898 partem
1169 846 1347 899 periculi
1380 847 1688 901 capessendam
1714 861 1808 890 esse

243 903 377 953 ratus,
409 902 621 956 increpita
652 903 825 957 ignavia
856 903 1041 944 militum
1072 904 1175 944 ferri
1202 905 1340 946 scalas
1367 905 1486 947 iubet
1513 908 1555 947 et
1582 920 1625 947 se
1652 907 1807 961 ipsum,

178 975 218 1004 17
247 960 283 1001 si
316 961 447 1002 ceteri
480 964 750 1015 cunctentur,
788 975 1063 1003 escensurum
1095 962 1293 1004 minatur.

1356 964 1442 1004 iam
1476 965 1665 1006 subierat
1694 965 1810 1007 haud

246 1019 449 1060 mediocri
487 1020 675 1073 periculo
714 1021 902 1073 moenia,
947 1035 1042 1062 cum
1081 1021 1240 1062 clamor
1282 1022 1467 1076 undique
1513 1023 1566 1064 ab
1611 1024 1808 1066 sollicitis

248 1078 384 1118 vicem
422 1078 693 1132 imperatoris
734 1079 947 1120 militibus
987 1079 1182 1120 sublatus
1226 1080 1448 1134 scalaeque
1487 1082 1634 1122 multis
1681 1083 1810 1124 simul

180 1152 220 1182 18
247 1137 443 1190 partibus
477 1137 585 1192 erigi
612 1140 807 1191 coeptae,
841 1140 883 1179 et
908 1152 958 1179 ex
985 1138 1121 1179 altera
1151 1141 1273 1192 parte
1300 1138 1470 1180 Laelius
1497 1140 1666 1181 institit.
1716 1144 1810 1183 tum

246 1195 362 1236 victa
395 1195 706 1250 oppidanorum
732 1197 809 1250 vis,
841 1196 1098 1251 deiectisque
1124 1197 1518 1252 propugnatoribus
1546 1202 1810 1252 occupantur

245 1254 374 1307 muri,
421 1268 495 1295 arx
536 1255 665 1296 etiam
705 1255 758 1296 ab
798 1269 848 1297 ea
885 1258 1025 1310 parte,
1070 1270 1154 1310 qua
1191 1256 1537 1312 inexpugnabilis
1574 1257 1812 1313 videbatur,

175 1321 225 1357 20
244 1313 357 1353 inter
405 1314 639 1355 tumultum
685 1316 811 1368 capta
856 1317 931 1355 est.

244 1452 336 1486 turis
381 1452 420 1486 in
469 1452 542 1486 den
586 1452 780 1487 weitesten
825 1454 989 1488 Grenzen

244 1498 349 1542 giebt
374 1510 420 1533 an
446 1499 512 1542 26,
541 1503 603 1543 25,
631 1504 673 1534 11
707 1501 752 1535 ab
784 1501 991 1545 quindecim

245 1546 294 1580 acl
319 1547 511 1590 sevaqinta
537 1557 652 1582 annos
678 1548 883 1582 coniurant.

292 1605 520 1650 ministrant]
573 1605 839 1648 „zureichen“;
883 1607 990 1640 nzini-

245 1653 362 1685 strare
386 1651 435 1685 ist
461 1651 524 1686 der
550 1652 775 1697 cigentliche
795 1653 990 1688 Ausdruck

245 1697 303 1732 fiir
317 1709 426 1733 unser
445 1698 685 1742 „bedienen“,
705 1700 778 1744 vgl.
797 1700 856 1743 24,
875 1704 929 1743 16,
948 1704 990 1735 18

245 1745 353 1779 simul
393 1746 651 1781 ministrabant
689 1748 990 1792 vescebantur-que

247 1809 291 1819 =
311 1791 535 1835 aufwarten,
562 1793 637 1827 und
656 1794 750 1828 auch
770 1794 807 1828 in
828 1794 990 1829 anderen

245 1837 538 1883 Verbaltnissen,
559 1841 633 1885 vgl.
649 1840 709 1883 33,
723 1844 779 1885 32,
794 1846 813 1875 2
831 1843 991 1876 omnium

246 1896 366 1920 rerum
392 1897 480 1921 usus
505 1888 752 1922 ministrantis
771 1905 816 1916 =
842 1889 989 1931 liefern3

245 1932 305 1975 39,
316 1937 347 1974 6,
357 1936 376 1967 9
386 1934 627 1969 ministerium
636 1951 679 1963 =
688 1935 992 1980 Handreichung3

247 1979 470 2023 Gegensatz:
498 1992 569 2015 ars.

293 2048 386 2072 saxa
423 2040 464 2072 in>
500 2050 622 2074 muros
657 2059 699 2065 --
732 2041 877 2086 yerunt]
916 2041 990 2086 vgl.

247 2083 306 2127 37,
329 2089 368 2127 5,
393 2090 407 2119 1
436 2087 593 2127 feminae
618 2087 688 2121 tela
713 2089 828 2123 omnis
853 2090 994 2133 generis

246 2141 408 2176 saxaque
433 2133 474 2166 in
497 2144 620 2168 muros
650 2138 809 2177 yererent
836 2152 878 2164 =
906 2136 997 2179 „auf

247 2178 308 2212 die
336 2179 489 2214 Manem
516 2181 731 2215 brachten.“

298 2240 350 2271 14.
384 2242 534 2282 pectora
577 2239 694 2284 acuit]
743 2240 891 2282 „st‘ahlt
934 2241 993 2275 die

249 2283 433 2327 Herzen“;
454 2285 528 2329 vgl.
546 2285 615 2319 mit
634 2287 906 2330 personlichem
921 2287 993 2322 Ob-

243 2330 328 2373 jekt
353 2331 412 2374 39,
431 2336 460 2374 1,
477 2336 496 2365 2
519 2333 667 2367 militem
688 2354 731 2358 —
753 2334 801 2368 acl
826 2335 993 2369 'virtutem

249 2378 416 2419 aeuebat;
449 2379 571 2414 fel-ner
603 2378 670 2422 26,
698 2384 758 2424 51,
789 2384 807 2415 7
840 2391 993 2425 corpora

248 2426 465 2469 animosque.
511 2426 576 2469 28,
605 2431 665 2469 42,
695 2431 739 2461 10
769 2429 868 2462 acuit
899 2429 990 2463 illos.

250 2471 281 2514 7,
306 2475 336 2514 7,
365 2476 385 2506 3
412 2476 541 2507 ceteros
567 2475 682 2514 acuit3
710 2474 779 2509 wie
805 2474 886 2509 hier
911 2476 991 2509 ani-

246 2528 321 2553 mos
346 2518 407 2563 25,
435 2524 489 2562 37,
520 2524 572 2554 10.
600 2522 694 2555 iram
729 2521 788 2564 22,
817 2527 849 2564 4,
879 2526 908 2557 1.

295 2587 390 2612 mors
415 2579 457 2612 ob
483 2579 620 2625 oculos]
646 2580 720 2624 vgl.
743 2579 801 2623 25,
823 2584 879 2621 26,
906 2584 926 2615 9
956 2584 993 2615 nt

248 2644 291 2648 —
318 2635 413 2659 mors
439 2626 481 2660 ob
507 2626 626 2660 oculos
658 2630 759 2668 esset,
793 2629 895 2662 sonst
927 2628 993 2662 sub

247 2671 363 2706 oculis
388 2671 423 2714 4,
445 2675 500 2714 28,
523 2677 559 2714 13
586 2674 628 2707 in
652 2674 765 2708 oculis
791 2673 851 2716 26,
869 2678 991 2716 12,12.

297 2720 490 2753 certamine
539 2720 674 2755 laboris
723 2731 766 2755 ac
819 2722 990 2766 periculi]

251 2765 390 2804 „durch
417 2766 488 2800 den
508 2767 705 2802 Wet‘teifer
729 2768 766 2802 in
787 2768 899 2803 Miihe
919 2769 993 2803 und

250 2812 422 2846 Gefahrf‘

299 2862 353 2892 15.
374 2859 530 2895 domitor
544 2881 586 2885 ——
602 2862 795 2907 eaeercitus]
811 2862 869 2895 ein
884 2862 991 2905 Heer,

252 2903 335 2938 dem
381 2905 496 2941 durch
542 2907 641 2942 diese
680 2908 890 2954 Besiegung
934 2909 992 2943 fiir

1000 1314 1250 1369 transfugae
1290 1314 1404 1369 Afri,
1449 1315 1521 1370 qui
1559 1318 1652 1357 tum
1695 1317 1810 1358 inter

1065 1454 1195 1487 immer
1216 1454 1274 1488 ein
1294 1453 1512 1488 bleibeudes
1527 1454 1709 1490 Merkmal
1731 1456 1810 1490 auf·

1063 1502 1222 1545 gepragt
1240 1500 1304 1543 ist;
1326 1501 1400 1545 vgl.
1416 1501 1450 1544 2,
1472 1506 1527 1545 59,
1550 1506 1570 1536 9
1585 1503 1811 1546 proditorem

1063 1549 1259 1582 exereitum
1279 1569 1322 1572 —
1345 1550 1554 1584 desertorem
1578 1551 1775 1594 simiorum.

1113 1609 1166 1641 16.
1189 1607 1396 1652 conatibus]
1417 1607 1481 1642 das
1497 1607 1616 1642 Subst.
1633 1609 1726 1643 statt
1746 1608 1810 1643 des

1063 1652 1226 1697 Par-ticip
1259 1657 1390 1688 conata
1421 1654 1471 1688 ist
1506 1655 1688 1699 gew'ahlt‚
1723 1655 1810 1690 weil

1063 1700 1235 1735 letzteres
1272 1700 1331 1735 die
1372 1701 1508 1736 bereits
1547 1713 1807 1747 vergangenen

1063 1747 1419 1791 Unternehmungen
1445 1748 1676 1792 bezeichnet,
1703 1759 1808 1784 cona-

1063 1798 1122 1828 tus
1154 1793 1213 1827 die
1245 1795 1457 1829 dauernden
1488 1796 1562 1830 und
1594 1795 1809 1840 kiinftigen3

1063 1841 1137 1885 vgl.
1174 1841 1210 1882 7,
1249 1845 1285 1884 7,
1319 1845 1339 1875 8
1374 1853 1504 1886 puyna
1541 1844 1665 1886 effectu
1701 1854 1811 1888 quam

1065 1888 1256 1922 conatibus
1281 1889 1422 1926 vanior,

1111 1947 1272 1981 hostibus
1291 1951 1459 1982 cresceret
1478 1947 1640 1993 animus]
1662 1947 1726 1982 der
1741 1947 1811 1982 Ge-

1064 1993 1159 2028 nitiv
1185 1995 1405 2038 entsprache
1425 1995 1529 2029 mehr
1551 2005 1701 2029 unserer
1721 1994 1810 2029 Auf-

1066 2041 1233 2085 fassung3
1268 2041 1346 2075 Liv.
1374 2042 1441 2076 hat
1465 2042 1591 2076 diesen
1618 2041 1730 2076 Dativ
1752 2041 1810 2086 Je-

1067 2088 1162 2122 doch
1190 2089 1294 2132 oster,
1320 2088 1521 2124 besonders
1548 2088 1587 2122 in
1607 2088 1678 2123 den
1697 2088 1810 2123 Wen·

1068 2135 1215 2180 dungen
1253 2146 1399 2180 auqere,
1434 2137 1594 2170 vtinuere
1627 2135 1813 2176 animum,-

1067 2182 1140 2225 vgl.
1157 2192 1185 2216 c.
1201 2186 1257 2224 22,
1279 2186 1299 2216 3
1324 2193 1416 2226 quae
1441 2183 1632 2225 ferociores
1656 2182 1704 2217 iis
1729 2183 1810 2216 ani-

1066 2239 1140 2263 mos
1168 2229 1310 2271 faceret.

1114 2287 1255 2321 sibimet
1299 2287 1519 2332 conandum]
1565 2290 1633 2321 met
1678 2287 1813 2322 nimmt

1065 2336 1168 2368 sonst
1199 2334 1274 2368 fast
1305 2335 1396 2368 stets
1428 2334 1525 2369 noch
1555 2334 1614 2368 die
1640 2333 1809 2369 Vei-star-

1066 2381 1167 2424 kung
1182 2381 1297 2415 durch
1313 2382 1389 2425 ipse
1402 2393 1445 2415 zu
1461 2381 1555 2423 sich,
1571 2381 1811 2416 Ausnahmen

1065 2428 1138 2472 vgl.
1167 2427 1226 2470 22,
1253 2432 1308 2471 49,
1339 2432 1391 2462 11.
1422 2440 1450 2463 c.
1472 2431 1528 2470 59,
1558 2432 1609 2462 10.
1643 2427 1678 2471 3,
1706 2431 1761 2470 57,
1789 2431 1811 2463 6

1067 2475 1140 2509 und
1172 2479 1237 2517 67,
1271 2479 1291 2508 5
1329 2479 1458 2510 vosmet
1500 2479 1643 2510 tantum
1687 2485 1811 2510 eorum

1061 2523 1254 2566 poeniteat.

1116 2584 1169 2614 17.
1209 2580 1374 2615 sollicitis
1411 2582 1520 2616 vicem
1562 2579 1808 2625 imperatoris]

1069 2627 1128 2662 die
1154 2627 1213 2661 fiir
1233 2627 1302 2662 den
1323 2626 1526 2662 Feldherrn
1547 2627 1632 2671 (eig.
1654 2627 1724 2661 den
1743 2626 1809 2661 ihn

1069 2674 1320 2709 betreffenden
1355 2674 1452 2718 Teil)
1484 2675 1636 2717 besorgt
1669 2684 1808 2715 waren;

1067 2721 1301 2756 adverbialer
1324 2722 1454 2756 Aecus.
1481 2720 1541 2754 bei
1566 2720 1713 2754 Verben
1743 2719 1810 2754 der

1067 2768 1428 2813 Gemfitsbewegung
1447 2769 1501 2811 (so
1522 2767 1617 2802 auch
1633 2765 1722 2810 Cic.)
1733 2766 1809 2801 und

1066 2815 1142 2859 (bei
1162 2815 1255 2859 Liv.)
1271 2816 1363 2849 auch
1384 2815 1480 2848 nach
1502 2814 1624 2849 davon
1644 2813 1807 2858 abgelei-

1065 2864 1167 2897 teten
1204 2862 1292 2896 oder
1331 2861 1450 2895 damit
1485 2860 1808 2895 sinnverwandten

1065 2908 1230 2944 Worten.
1264 2907 1347 2952 Vgl.
1375 2919 1403 2942 c.
1431 2911 1486 2951 43,
1515 2911 1546 2941 9.
