1953 3278
189 141 216 161 a.
238 135 288 160 cn.
309 135 368 160 207.
693 122 837 157 LIBER
861 123 1026 159 XXVIII.
1077 123 1178 159 CAP.
1206 126 1237 157 2.
1712 124 1739 165 5

191 246 329 274 serere
355 244 542 285 pugnam
570 231 843 285 cogebantur.
887 230 1000 285 quod
1026 230 1077 271 ad
1104 230 1251 286 fugam
1278 230 1581 285 impedimento
1608 231 1741 273 hosti·
1769 241 1789 272 9

190 292 269 332 bus
308 294 418 342 erat,
456 289 497 330 id
536 289 588 330 ad
622 289 791 330 caedem
824 303 895 331 eos
930 290 1044 331 velut
1077 290 1239 330 vinctos
1275 289 1521 342 praebebat.
1582 294 1625 330 et
1656 290 1741 332 iam

189 350 322 390 ferme
349 347 547 392 omnibus
580 348 757 389 scutatis
778 347 1088 389 Celtiberorum
1121 348 1355 389 interfectis
1390 348 1494 390 levis
1527 352 1744 390 armatura

190 410 232 448 et
270 405 663 460 Carthaginienses,
707 407 778 461 qui
822 420 871 447 ex
917 406 1062 448 alteris
1107 406 1258 447 castris
1302 406 1491 448 subsidio
1531 411 1745 461 venerant,

189 465 373 520 perculsi
417 465 714 506 caedebantur.
788 464 869 505 duo
919 464 1033 505 haud
1078 463 1261 517 amplius
1307 464 1425 505 milia
1469 465 1658 519 peditum
1703 470 1744 507 et

190 524 404 578 equitatus
450 524 588 564 omnis
632 524 701 564 vix
750 523 858 563 inito
908 522 1071 576 proelio
1117 536 1212 563 eum
1257 521 1440 577 Magone
1484 524 1744 579 effugerunt3

189 582 359 632 Hanno,
392 582 502 623 alter
533 583 782 635 imperator,
814 595 906 622 cum
941 581 1019 630 eis,
1052 581 1123 634 qui
1155 581 1366 633 postremi·
1394 582 1481 622 iam
1513 583 1742 638 profligato

190 641 355 695 proelio
390 641 664 689 advenerant,
703 640 826 680 vivus
859 639 1036 693 capitur.
1097 638 1327 693 Magonem
1361 639 1594 694 fugientem
1628 642 1743 695 equi·

187 702 305 741 tatus
331 700 464 741 ferme
491 699 630 740 omnis
657 700 699 738 et
724 697 835 752 quod
862 702 1053 739 veterum
1085 697 1275 751 peditum
1302 702 1395 739 erat
1420 700 1554 740 secuti
1581 700 1743 742 decimo

188 759 254 799 die
298 760 343 799 in
380 757 635 798 Gaditanam
680 757 945 810 provinciam
990 756 1043 798 ad
1082 755 1399 797 Hasdrubalem
1442 763 1744 812 pervenerunt,

189 816 411 870 Celtiberi,
442 829 577 857 novus
609 815 750 869 miles,
787 816 830 857 in
862 816 1078 870 proximas
1112 814 1267 869 dilapsi
1301 815 1432 856 silvas
1465 816 1563 858 inde
1597 817 1745 859 domos

188 875 461 928 diffugerunt.

304 932 630 986 Peropportuna
660 932 839 974 victoria
874 946 1144 986 nequaquam
1182 934 1350 973 tantum
1393 933 1479 974 iam
1513 934 1743 975 conflatum

186 992 362 1045 bellum,
388 994 549 1046 quanta
574 991 709 1032 futuri
735 991 915 1032 materia
939 991 1052 1044 belli,
1079 991 1115 1031 si
1141 991 1334 1032 licuisset
1359 991 1411 1032 iis
1433 990 1745 1034 Celtiberorum

187 1053 313 1106 gente
335 1051 474 1091 excita
501 1053 543 1090 et
569 1049 760 1091 aliosNad
786 1064 906 1090 arma
931 1049 1161 1091 sollicitare
1187 1050 1382 1103 populos,
1409 1064 1614 1104 oppressa
1641 1055 1742 1093 erat.

187 1111 331 1163 itaque
370 1109 626 1150 conlaudato
664 1108 845 1162 benigne
885 1106 1031 1149 Silano
1066 1107 1208 1162 Scipio
1247 1123 1366 1163 spem
1410 1108 1669 1164 debellandi,
1709 1111 1745 1152 si

124 1220 126 1224 y
187 1168 296 1209 nihil
334 1182 426 1209 eam
464 1168 554 1221 ipse
587 1167 826 1208 cunctando
859 1170 1050 1208 moratus
1083 1171 1215 1221 esset,
1258 1170 1427 1222 nactus,
1467 1168 1519 1209 ad
1551 1168 1594 1210 id
1632 1169 1746 1223 quod

187 1227 362 1268 relicum
387 1226 489 1267 belli
515 1228 606 1267 erat
631 1227 676 1267 in
701 1225 898 1266 ultimam
918 1224 1179 1280 Hispaniam
1205 1225 1410 1267 adversus
1430 1225 1745 1269 Hasdrubalem

187 1285 340 1340 pergit.
396 1285 564 1326 Poenus
597 1299 693 1325 cum
725 1287 865 1326 castra
895 1287 987 1325 tum
1020 1285 1129 1325 forte
1167 1285 1212 1325 in
1238 1283 1414 1326 Baetica
1447 1285 1498 1326 ad
1531 1286 1744 1328 sociorum

189 1344 353 1386 animos
398 1343 678 1384 continendos
722 1344 766 1384 in
808 1343 890 1384 fide
933 1343 1129 1395 haberet,
1173 1343 1307 1398 signis
1350 1347 1525 1398 repente
1566 1345 1746 1386 sublatis

189 1402 315 1457 fugae
347 1402 485 1457 magis
518 1416 647 1456 quam
677 1402 843 1443 itineris
868 1402 994 1444 modo
1026 1402 1197 1456 penitus
1224 1401 1277 1443 ad
1310 1401 1526 1444 Oceanum
1555 1408 1597 1445 et
1616 1403 1746 1445 Gadis

240 1567 294 1598 11.
321 1564 393 1599 duo
419 1564 519 1599 haud
544 1564 702 1608 amplius
720 1564 839 1610 milia]
861 1575 934 1599 am-

186 1611 289 1655 plius
309 1611 420 1646 sowie
442 1612 529 1655 plus
554 1612 628 1645 und
645 1612 766 1646 minus
784 1611 824 1645 in
844 1611 932 1646 Ver-

191 1658 359 1703 bindung
383 1658 453 1692 mit
478 1658 618 1692 Zahlen
643 1658 823 1693 verlieren
852 1658 932 1693 ihre

191 1704 451 1749 komparative
465 1705 585 1740 Natur
598 1705 660 1739 bei
672 1705 751 1740 Liv.
768 1716 807 1739 so
827 1716 932 1750 ganz,

189 1751 270 1786 dass
313 1752 387 1786 fast
430 1754 519 1787 ste-ts
563 1753 628 1787 der
665 1752 833 1787 .ohnehin
877 1763 931 1787 er-

194 1797 418 1833 forderliche
452 1798 564 1833 Casus
602 1799 714 1844 folgt3
753 1800 821 1833 wie
852 1799 933 1834 hier

188 1845 254 1880 der
287 1845 522 1880 Nominativ:
555 1845 623 1889 25,
650 1849 712 1888 21,
741 1849 783 1879 10
815 1849 856 1880 ut
886 1867 933 1871 —

1006 1567 1096 1607 erat,
1123 1564 1190 1599 das
1210 1576 1253 1598 zu
1274 1566 1469 1608 conflatum
1488 1566 1616 1600 bellum
1635 1565 1745 1610 paret,

1005 1611 1074 1645 mit
1099 1612 1251 1654 futuri
1277 1612 1360 1646 belli
1383 1613 1548 1654 materia,
1571 1613 1746 1648 w'ahrend

1001 1658 1107 1703 jedes
1159 1658 1346 1703 Satzglied
1395 1659 1474 1693 sein
1525 1660 1746 1695 besonderes

1005 1705 1186 1740 Pradikat
1210 1705 1331 1740 haben
1356 1705 1501 1741 mfisste.

1054 1756 1109 1786 14.
1123 1763 1219 1796 spem
1233 1753 1451 1798 debellandi]
1468 1754 1642 1788 debellare
1653 1754 1746 1789 wircl

1005 1810 1077 1834 von
1117 1799 1193 1834 Liv.
1237 1800 1498 1845 fiberwiegend
1541 1800 1747 1845 passivisch

1005 1846 1080 1880 und
1094 1847 1356 1890 unpersonlich
1371 1848 1632 1891 angewendet3
1652 1849 1746 1882 Aus-

190 1893 262 1927 duo
293 1893 399 1927 milia
425 1893 526 1927 haud
551 1893 709 1937 amplius
734 1893 931 1935 evaserint3

194 1939 312 1974 selten
337 1950 446 1984 quam
471 1939 560 1974 oder
585 1939 669 1974 Abl.
697 1950 859 1984 compar.

235 1987 433 2030 profliyato
444 1986 600 2032 proelio]
616 1986 694 2029 „als
708 1986 774 2021 das
787 1986 934 2021 Treffen

193 2033 278 2067 dem
317 2033 419 2068 Ende
455 2034 551 2068 nahe
595 2033 774 2078 gebracht
809 2035 932 2075 war“;

190 2079 326 2114 ebenso
356 2091 536 2125 puynam,
575 2080 703 2115 bellum
734 2081 934 2125 profliyare

188 2127 263 2171 vgl.
290 2127 331 2170 9,
357 2130 422 2170 29,
451 2131 468 2161 1
495 2139 530 2162 u.
557 2131 613 2171 37,
641 2131 672 2161 1.
717 2127 778 2170 10,
804 2130 860 2171 20,
889 2130 933 2161 14

185 2174 366 2218 proelium
383 2175 459 2208 iam
475 2175 721 2219 prosliyatum.
743 2174 803 2217 21,
818 2178 875 2218 40,
889 2178 930 2208 11

190 2222 404 2255 committere
423 2232 466 2256 ae
490 2222 686 2265 profliyare
706 2222 844 2256 bellum.
871 2220 932 2265 35,

192 2271 224 2310 6,
237 2271 268 2303 3.
280 2267 340 2310 39,
352 2271 408 2312 38,
420 2272 441 2303 5
453 2269 582 2303 bellum
595 2269 669 2303 iam
682 2269 933 2313 profliyatum.

200 2325 210 2331 ’
242 2319 296 2349 12.
332 2313 557 2350 Gaditanam
582 2315 829 2360 provinciam]
863 2315 933 2350 wie

193 2361 287 2395 auch
319 2364 338 2403 ξ
367 2366 408 2396 15
441 2363 482 2396 in
512 2363 666 2397 Baetica
698 2362 749 2396 ist
780 2362 844 2397 der
875 2362 934 2396 fiir

194 2409 350 2451 spatere·
374 2409 554 2444 romische
579 2408 833 2444 Verbaltnisse
866 2409 931 2443 fib-

192 2454 290 2489 liche
316 2455 510 2490 Ausdruck
542 2456 609 2490 auf
636 2455 696 2491 die
721 2456 932 2499 Karthager

192 2500 425 2546 fibertragen.

242 2551 296 2582 13.
335 2551 478 2583 tantum
514 2549 588 2583 iam
625 2550 820 2592 conflatum
863 2550 934 2584 bel-

193 2595 286 2638 lum,
321 2599 461 2640 quanta
486 2595 548 2641 —]
587 2596 671 2638 „ein
706 2596 935 2641 keineswegs

196 2652 237 2676 so
263 2641 421 2686 grosser,
453 2642 591 2676 bereits
617 2642 935 2687 ausgebrocbener

193 2688 324 2733 Krieg,
355 2688 410 2724 als
437 2688 534 2723 Stoff
564 2689 663 2724 eines
695 2689 934 2734 zuki'inftigen

193 2734 349 2780 Krieges
392 2756 438 2761 -
482 2736 606 2771 wurde
656 2737 932 2771 unterdrficktf⁴

193 2781 270 2817 Das
312 2783 628 2827 Ungewohnliche
678 2783 752 2817 und
796 2782 934 2817 Unver-

194 2829 401 2864 standliche
415 2830 479 2865 des
495 2830 620 2865 Satzes
635 2829 802 2865 entsteht
819 2830 934 2864 durch

195 2875 438 2922 Verbindung
463 2877 526 2912 des
546 2877 742 2912 Pradikats
764 2887 934 2921 oppressa

1005 1893 1166 1927 nahmen
1191 1893 1266 1937 vgl.
1282 1893 1342 1936 22,
1356 1898 1412 1936 34,
1430 1898 1447 1928 7
1468 1905 1548 1929 curm
1573 1895 1748 1930 debellare

999 1944 1155 1984 possent.
1202 1940 1267 1983 30,
1294 1943 1356 1984 28,
1383 1944 1403 1974 8
1432 1941 1471 1975 in
1495 1942 1637 1976 nullum
1660 1952 1747 1986 pro-

1002 1988 1182 2031 pinquum
1207 1987 1413 2022 debellandi
1437 1988 1554 2030 finem.
1592 1988 1627 2031 9,
1650 1992 1705 2030 16,
1728 1994 1745 2023 1

1005 2044 1079 2068 ano
1104 2035 1258 2068 seeundo
1278 2035 1421 2078 proelio
1447 2035 1646 2070 debellavit.
1686 2035 1747 2078 31,

1006 2084 1114 2161 3s,h8.
1148 2080 1208 2125 35,
1235 2084 1293 2125 35,
1320 2085 1350 2116 7.
1382 2081 1444 2126 38,
1473 2085 1526 2125 12,
1553 2086 1584 2118 3.
1616 2082 1691 2127 vgl.
1713 2083 1747 2117 d.

1004 2129 1061 2162 An
1092 2155 1098 2161 .

1005 2174 1464 2257 dessptefflffifflffl
1486 2175 1749 2259 {32:322}

1005 2269 1096 2303 Liv.
1118 2269 1308 2302 mehrfach
1335 2269 1400 2303 das
1426 2269 1637 2305 handelnde
1657 2269 1748 2305 Sub-

1002 2316 1086 2360 jekt
1110 2315 1162 2350 im
1188 2315 1417 2358 Nominativ,
1443 2327 1551 2351 wenn
1575 2317 1747 2353 letzteres

1006 2363 1122 2397 durch
1143 2363 1228 2407 ipse,
1249 2364 1410 2407 quisque,
1429 2364 1526 2398 solus
1539 2364 1629 2399 oder
1640 2364 1747 2399 Zahl-

1004 2412 1140 2444 worter
1188 2409 1406 2444 bezeichnet
1453 2410 1523 2454 ἱεῖς
1573 2411 1648 2455 vgl.
1687 2411 1748 2454 26,

1006 2460 1068 2499 39,
1096 2461 1115 2491 5
1142 2457 1217 2500 ipse
1243 2477 1285 2495 ,-
1313 2458 1496 2501 exiyendo.
1534 2457 1593 2501 25,
1615 2462 1670 2501 23,
1693 2462 1748 2492 11.

1006 2503 1040 2545 2,
1068 2507 1122 2547 38,
1150 2507 1181 2537 6.
1553 2518 1557 2522 ·

1055 2554 1108 2584 15.
1141 2551 1258 2594 siywzis
1288 2551 1457 2596 sublatis]
1493 2551 1558 2586 das
1590 2552 1748 2586 Heraus-

1006 2597 1135 2631 ziehen
1160 2597 1224 2631 der
1248 2597 1300 2631 im
1321 2598 1442 2642 Lager
1466 2599 1505 2632 in
1531 2598 1602 2632 den
1622 2598 1749 2633 Boden

1007 2642 1241 2688 gestossenen
1283 2644 1435 2678 Fahnen
1484 2644 1596 2679 heisst
1641 2646 1749 2690 siqua

1005 2691 1142 2731 tollere;
1169 2691 1242 2733 vgl.
1264 2689 1329 2732 25,
1350 2694 1406 2734 33,
1429 2695 1447 2725 7
1467 2692 1583 2735 signis
1607 2695 1749 2736 repente

1006 2737 1159 2771 sublatis
1187 2737 1354 2771 Celtiberi
1379 2738 1521 2773 abeunt.

1054 2784 1197 2817 itineris
1227 2783 1348 2829 modo]
1381 2784 1454 2828 vgl.
1482 2795 1511 2819 e.
1542 2788 1602 2828 13,
1630 2789 1648 2820 7
1681 2786 1747 2821 sub

1007 2830 1122 2874 siquis
1161 2833 1266 2874 atque
1303 2831 1430 2866 ordine
1467 2832 1635 2877 aymim's.
1686 2831 1747 2877 35,

1009 2880 1064 2920 34,
1093 2881 1135 2911 10
1162 2878 1304 2912 itineris
1328 2879 1482 2913 maxime
1506 2880 1619 2914 modo.

1772 300 1814 330 10

1774 475 1813 504 11

1773 650 1816 681 12

1774 943 1815 973 13

1772 1119 1816 1149 14

1774 1294 1816 1326 15
