1953 3278
144 157 170 175 a.
191 150 242 176 Ch.
263 151 322 176 206.
650 139 793 174 LIBER
819 140 981 176 XXVIII.
1033 140 1134 177 CAP.
1164 145 1215 175 12.
1643 141 1697 181 27

144 250 309 290 meatus
342 248 387 288 in
414 246 602 288 hostium
630 261 734 302 agro
761 247 969 302 deessent,
996 262 1175 302 quorum
1201 248 1348 303 inopia
1373 249 1514 303 priore
1540 247 1698 290 Punico

144 307 256 348 bello
290 305 427 347 multa
464 305 638 346 infanda
675 307 787 347 inter
823 307 948 348 duces
982 307 1223 361 militesque
1255 307 1486 349 commissa
1517 306 1700 348 fuerant.

142 366 242 419 post
278 362 566 405 Hasdrubalis
611 379 711 406 vero
750 366 979 406 exercitum
1024 379 1118 406 cum
1157 365 1279 419 duce,
1323 366 1367 406 in
1410 366 1564 420 quibus
1603 380 1699 420 spes

143 423 282 464 omnis
303 423 493 476 reposita
514 422 719 465 victoriae
745 424 898 477 fuerat,
923 423 1109 464 deletum
1132 423 1402 478 cedendoque
1430 425 1474 465 in
1494 425 1699 479 angulum

143 480 361 522 Bruttium
399 484 541 522 cetera
580 481 707 522 Italia
745 495 1011 534 concessum,
1050 482 1117 522 cui
1158 496 1246 523 non
1278 482 1473 523 videatur
1504 482 1699 524 mirabile

140 539 303 581 nullum
337 542 500 582 motum
538 540 583 581 in
615 540 765 581 castris
806 540 995 580 factum?
1057 554 1157 580 nam
1190 540 1243 580 ad
1276 543 1415 581 cetera
1451 541 1492 581 id
1531 555 1697 595 quoque

142 602 392 652 accesserat,
425 602 471 639 ut
503 613 556 639 ne
589 597 730 639 alendi
762 598 933 651 quidem
959 598 1168 639 exercitus
1200 598 1283 639 nisi
1315 613 1366 639 ex
1394 598 1566 640 Bruttio
1593 613 1697 654 agro

142 671 240 711 spes
267 660 392 711 esset,
424 657 507 712 qui,
534 658 580 697 ut
606 656 744 697 omnis
771 655 994 709 coleretur,
1020 656 1197 710 exiguus
1223 658 1368 696 tamen
1393 659 1516 698 tanto
1543 657 1697 699 alendo

143 716 343 757 exercitui
382 718 490 768 erat3
528 717 619 755 tum
658 727 862 769 magnam
899 716 1066 768 partem
1104 714 1339 755 iuventutis
1379 714 1643 756 abstractam
1676 731 1699 756 a

142 775 258 815 cultu
297 787 496 829 agrorum
534 772 693 813 bellum
726 775 1009 826 occupaverat
1041 775 1082 813 et
1121 787 1212 814 mos
1246 773 1350 814 vitio
1384 773 1512 814 etiam
1544 774 1698 815 insitus

141 832 259 887 genti
296 846 372 886 per
409 831 634 872 latrocinia
673 831 872 872 militiam
910 831 1140 872 exercendi.
1209 845 1287 872 nec
1327 832 1380 873 ab
1419 831 1545 873 domo
1585 833 1698 886 quic-

141 905 268 944 quam
312 890 564 931 mittebatur
608 889 658 931 de
697 889 909 944 Hispania
952 889 1176 931 retinenda
1218 890 1433 944 sollicitis,
1478 893 1699 945 tamquam

140 949 284 990 omnia
316 962 520 1002 prospera
551 949 596 989 in
629 948 755 989 Italia
789 951 944 990 essent.

259 1006 310 1047 In
335 1006 545 1061 Hispania
579 1021 645 1048 res
679 1007 861 1062 quadam
894 1022 944 1048 ex
976 1010 1098 1061 parte
1125 1007 1303 1049 eandem
1335 1007 1568 1061 fortunam,
1600 1023 1700 1062 qua-

140 1065 237 1106 dam
282 1066 411 1120 longe
457 1066 670 1120 disparem
714 1065 952 1107 habebant:
998 1065 1193 1119 eandem,
1238 1066 1351 1120 quod
1395 1066 1557 1120 proelio
1597 1067 1700 1108 victi

954 1205 1120 1247 Unruhe,
1153 1205 1226 1250 vgl.
1254 1205 1313 1249 21,
1344 1209 1372 1248 1,
1401 1209 1421 1240 5
1447 1206 1542 1241 inter
1567 1210 1699 1241 motum

954 1252 1118 1295 Africae.

185 1204 302 1239 ntulta
327 1204 502 1250 infanda]
535 1216 640 1240 wenn
666 1215 754 1240 man
777 1205 882 1240 nicht

139 1262 186 1285 an
218 1250 290 1285 den
315 1262 383 1286 aus
416 1251 499 1286 dem
526 1253 647 1286 ersten
677 1252 882 1297 punischen

139 1297 274 1343 Kriege
308 1309 436 1343 wegen
468 1299 753 1344 riickstandiger
778 1298 881 1334 Sold-

139 1344 300 1390 zahlung
325 1345 592 1380 entstandenen
619 1345 882 1391 Soldnerkrieg

140 1391 286 1426 denken
306 1392 387 1434 soll,
409 1392 458 1426 ist
481 1405 525 1426 zu
544 1393 782 1438 vergleichen
801 1392 880 1428 Liv.

137 1438 315 1483 periocha
341 1443 384 1474 17
410 1438 606 1474 Hannibal
637 1441 714 1475 dux
747 1440 880 1475 Poeno-

137 1496 219 1520 rum
256 1486 353 1521 victa
385 1487 515 1530 classe,
559 1488 619 1522 cui
652 1488 880 1531 praefuerat,

137 1543 161 1567 a
196 1532 374 1567 militibus
415 1535 492 1568 suis
535 1535 575 1568 in
620 1545 757 1569 erucem
799 1535 880 1569 sub-

138 1579 236 1614 latus
261 1582 320 1614 est.

185 1641 214 1672 6.
242 1648 322 1682 spes
354 1639 470 1673 omnis
501 1641 658 1683 reposita
690 1640 877 1686 metonae]

137 1684 217 1719 Liv.
239 1685 374 1720 druckt
393 1686 458 1720 das
477 1686 640 1731 haufige:
668 1687 880 1732 „Hoffnung

137 1731 203 1766 auf
225 1734 339 1767 etwas
367 1735 514 1767 setzen“
542 1744 606 1768 aus
640 1734 755 1768 durch
779 1745 876 1778 spem

135 1789 320 1823 reponere,
346 1790 497 1824 ponere,
522 1782 683 1824 posnam
709 1781 797 1816 oder
822 1792 875 1816 re-

132 1827 291 1870 positam
322 1827 466 1868 habere,
498 1828 592 1861 auch
623 1838 719 1872 spem
750 1829 878 1863 habere

137 1873 178 1907 in
203 1873 329 1918 aliqua
353 1884 400 1908 re.
447 1873 588 1908 Stellen
614 1874 666 1908 im
692 1875 787 1910 Anh.

183 1931 341 1975 reposita
367 1951 410 1956 —
436 1932 573 1977 fuerat]
609 1934 775 1977 „gesetzt
805 1945 878 1978 ge-

135 1988 282 2013 wesen
306 1980 417 2021 war“,
445 1978 517 2023 vgl.
545 1979 603 2022 26,
631 1983 693 2023 21,
720 1983 740 2015 8
768 1980 878 2026 Syra-

135 2035 240 2059 cusae
259 2028 410 2060 ornatae
427 2026 595 2068 fuerant;
615 2037 662 2061 an
676 2027 797 2062 vielen
818 2039 879 2062 an-

135 2071 248 2106 deren
274 2071 417 2106 Stellen
449 2073 499 2107 ist
529 2073 651 2115 fuerat
682 2074 751 2108 mit
782 2075 880 2110 Part.

134 2118 228 2154 Perf.
255 2118 394 2154 Passiv
421 2131 491 2153 nur
516 2136 560 2148 =
587 2124 678 2163 erat3
712 2120 786 2166 vgl.
814 2124 880 2163 §5

132 2167 321 2256 ssommissa
345 2167 505 2209 fuerant.
543 2178 572 2201 c.
597 2171 626 2210 7,
653 2149 678 2202 4⁷
701 2169 881 2213 dzreptum

151 2216 256 2248 uerat

175 2274 260 2315 post
278 2272 428 2307 deletum
448 2293 490 2297 —
513 2273 728 2318 concessum]
757 2273 878 2315 „nach

134 2318 200 2352 der
214 2317 472 2364 Vernichtung
492 2340 534 2344 —
555 2320 632 2354 und
651 2320 734 2354 dem
755 2320 876 2355 Preis-

209 2375 226 2388 ο
269 2366 290 2383 ‘S
432 2366 446 2374 v
793 2367 800 2373 '
829 2368 836 2374 “

134 2364 879 2449 {bertrbffibltzffffssmfiffi&iffi&

135 2458 210 2493 Cic.
232 2469 325 2502 ganz
353 2459 563 2502 vereinzelt‚
590 2461 650 2495 bei
675 2461 753 2495 Liv.
774 2461 880 2496 nicht

134 2505 272 2546 selten3
309 2505 383 2549 vgl.
411 2505 476 2549 27,
511 2510 572 2550 37,
605 2511 625 2541 5
656 2509 877 2543 nuntiatum.

134 2562 163 2586 c.
197 2555 259 2594 45,
292 2556 313 2586 4
345 2553 532 2587 auditum:
570 2554 629 2588 die
664 2554 877 2590 Nachricht.

137 2598 169 2642 7,
199 2603 258 2642 13,
285 2603 308 2633 4
339 2600 414 2634 Ioco
446 2610 596 2635 cessum:
624 2601 689 2635 das
722 2600 880 2636 Zuri‘ick-

132 2645 310 2681 weichen.
344 2646 418 2681 Das
439 2646 602 2690 Particip
622 2646 752 2682 behalt
771 2648 880 2684 dabei

133 2692 230 2727 noch
250 2693 492 2727 hinreichend
513 2693 662 2728 verbale
678 2693 796 2738 Kraft,
815 2707 878 2730 um

134 2739 240 2774 einen
262 2740 499 2785 abh‘angigen
514 2739 628 2775 Casus
648 2753 691 2775 zu
711 2742 879 2786 regieren

135 2787 263 2831 (cetera
288 2786 429 2831 Italia).

179 2848 312 2880 motum
340 2866 383 2870 —
408 2846 564 2892 factum]
586 2846 773 2889 „Aufruhr
798 2848 876 2881 ent-

135 2891 327 2937 standen“,
353 2895 469 2928 motus
488 2894 598 2928 meist
617 2910 661 2922 =
680 2893 876 2938 politische

1004 1303 1034 1333 7.
1067 1303 1108 1334 ut
1139 1300 1256 1334 omnis
1293 1299 1481 1345 coleretur]
1523 1302 1699 1344 „gesetzt,

954 1346 1034 1381 dass
1062 1357 1101 1381 er
1126 1346 1164 1380 in
1190 1346 1328 1381 seinem
1353 1356 1495 1391 ganzen
1515 1346 1699 1392 Umfange

954 1392 1092 1428 bebaut
1118 1404 1286 1438 gewesen
1312 1396 1445 1427 waref‘

1002 1442 1153 1485 eaeiquus
1173 1460 1216 1464 —
1237 1443 1338 1475 tanto
1358 1441 1487 1476 alendo
1506 1441 1694 1486 exercitui]

954 1500 1022 1530 „zu
1043 1487 1145 1522 klein
1165 1498 1334 1532 gewesen
1354 1491 1462 1521 ware
1475 1490 1495 1505 “
1540 1488 1612 1522 Der
1631 1487 1698 1523 Po-

954 1515 1040 1569 s'itiv
1065 1536 1206 1579 genfigt
1230 1546 1294 1568 zur
1314 1534 1572 1579 Bezeichnung
1598 1535 1698 1570 eines

953 1593 999 1616 zu
1023 1582 1202 1626 geringen
1222 1581 1368 1622 Marses
1394 1592 1500 1616 wenn
1521 1582 1600 1616 sich
1620 1582 1697 1616 die

954 1639 1011 1663 ser
1038 1628 1126 1663 Sinn
1153 1639 1217 1663 aus
1244 1628 1329 1663 dem
1355 1610 1697 1673 'Zusammenhange

953 1677 1049 1710 ohne
1089 1675 1375 1721 Schwierigkeit
1416 1675 1577 1721 ergiebt3
1622 1676 1696 1720 vgl.

952 1723 1014 1765 21,
1041 1726 1097 1766 30,
1124 1726 1146 1757 4
1170 1723 1308 1757 nemini
1334 1723 1449 1757 visum
1476 1724 1514 1758 id
1541 1723 1696 1768 lonyum.

949 1769 989 1812 3,
1023 1774 1085 1813 30,
1123 1773 1143 1804 5
1179 1781 1337 1814 parcum
1376 1790 1419 1794 —
1452 1771 1696 1814 praesidium3

948 1816 1178 1851 namentlich
1196 1827 1313 1851 serum
1329 1833 1373 1845 =
1387 1828 1431 1850 zu
1456 1818 1604 1861 spat—
1626 1817 1699 1851 Far

951 1863 1022 1898 den
1054 1863 1166 1898 Dativ
1200 1864 1263 1898 des
1302 1863 1473 1898 Zweckes
1507 1863 1699 1909 abhangig

950 1921 1023 1945 von
1049 1911 1168 1946 einem
1189 1910 1366 1955 Adjektiv
1387 1910 1463 1944 und
1487 1910 1539 1944 im
1560 1909 1697 1945 Gerun-

951 1957 1079 1991 divum
1104 1957 1178 2002 vgl.
1200 1957 1234 2000 2,
1262 1961 1293 2000 5,
1321 1960 1341 1991 9
1368 1958 1535 1992 arcendis
1559 1959 1697 1993 sceleri-

953 2005 1017 2039 bus
1043 2005 1240 2048 exemplnm
1266 2004 1393 2038 nobile.

1003 2054 1035 2085 8.
1060 2052 1188 2086 bellum
1208 2051 1462 2096 occupaverat]
1485 2051 1612 2094 „hatte
1633 2052 1698 2086 der

954 2097 1068 2142 Krieg
1116 2099 1155 2132 in
1196 2097 1391 2142 Anspruch
1440 2101 1697 2142 genommen‘²,

954 2145 1073 2180 wobei
1106 2145 1234 2180 bellum
1266 2144 1320 2179 als
1352 2145 1619 2190 personificiert
1645 2156 1698 2180 er-

953 2191 1115 2234 scheint3
1154 2192 1226 2236 vgl.
1260 2191 1327 2234 34,
1360 2196 1421 2234 32,
1454 2196 1474 2226 2
1511 2193 1602 2227 bella
1634 2203 1698 2227 nos

951 2243 1234 2284 occupaverant;
1249 2240 1350 2274 sonst
1362 2239 1528 2283 h'aufiger
1539 2240 1695 2284 aliquem

951 2286 1038 2320 bello
1069 2297 1244 2331 occupare
1275 2286 1342 2329 27,
1369 2289 1429 2328 38,
1459 2291 1477 2320 7
1510 2298 1544 2321 u.
1572 2290 1634 2329 39,
1662 2290 1694 2329 2,

951 2333 1040 2367 oder
1065 2334 1153 2368 bello
1178 2337 1391 2378 occupatum
1417 2343 1488 2368 esse
1512 2332 1572 2375 22,
1596 2337 1652 2375 22,
1673 2338 1695 2368 4

950 2390 985 2413 u.
1012 2384 1208 2425 occupatus
1240 2381 1433 2415 certamine
1463 2381 1609 2415 animus
1634 2361 1694 2425 22,

954 2430 1008 2470 15,
1036 2431 1067 2462 6.

998 2484 1072 2509 mos
1096 2475 1186 2509 vitio
1211 2475 1316 2509 etiam
1343 2474 1492 2520 insitus]
1522 2474 1588 2509 der
1610 2474 1691 2509 Abl.

952 2521 1041 2555 vitio
1074 2521 1178 2556 dient
1210 2533 1292 2555 zum
1317 2521 1468 2556 Ersatze
1494 2520 1594 2556 eines
1621 2521 1693 2555 Ad-

952 2568 1060 2602 verbs
1095 2567 1508 2614 ,ἱθὴίθτὶιαΐίῑθτννθίεθἫ
1541 2568 1615 2612 vgl.
1643 2569 1694 2602 τί-

952 2614 1002 2648 tio
1013 2596 1162 2650 creatus.
1186 2608 1368 2659 'L'ssbrigens
1379 2614 1482 2649 steht
1491 2615 1624 2650 msitus
1636 2615 1694 2650 bei

951 2659 1029 2695 Liv.
1041 2662 1135 2696 auch
1147 2662 1281 2696 allein
1271 2673 1311 2695 in
1319 2662 1389 2695 den
1397 2661 1555 2696 meisten
1564 2662 1694 2696 Pallen

952 2719 1016 2741 zur
1030 2708 1288 2753 Bezeichnung
1304 2708 1404 2743 einer
1425 2708 1694 2743 schlimmen

950 2755 1185 2790 natfirlichen
1216 2755 1377 2799 Anlage3
1411 2755 1485 2799 vgl.
1513 2755 1579 2799 22,
1605 2760 1644 2799 3,
1671 2760 1694 2790 4

949 2801 1099 2835 insitam
1138 2822 1181 2826 —
1220 2802 1460 2836 temeritatem.
1510 2801 1577 2846 27,
1605 2807 1641 2846 1,
1671 2807 1692 2837 5

949 2848 1216 2893 neyleyentiam.
1274 2847 1344 2891 28,
1377 2852 1442 2892 24,
1471 2853 1488 2883 1
1527 2850 1689 2885 libidine.

949 2894 1023 2939 vgl.
1051 2895 1123 2930 den
1148 2895 1240 2930 Aah.

1730 1024 1770 1054 10
