<?xml version="1.0" encoding="UTF-8"?>
<!DOCTYPE html PUBLIC "-//W3C//DTD XHTML 1.0 Transitional//EN"
    "http://www.w3.org/TR/xhtml1/DTD/xhtml1-transitional.dtd">
<html xmlns="http://www.w3.org/1999/xhtml" xml:lang="en" lang="en">
 <head>
  <title>
</title>
<meta http-equiv="Content-Type" content="text/html;charset=utf-8" />
  <meta name='ocr-system' content='tesseract 3.04.00' />
  <meta name='ocr-capabilities' content='ocr_page ocr_carea ocr_par ocr_line ocrx_word'/>
</head>
<body>
  <div class='ocr_page' id='page_1' title='image "./aburbeconditalib28livyuoft_0072.png"; bbox 0 0 1953 3278; ppageno 0'>
   <div class='ocr_carea' id='block_1_1' title="bbox 237 150 292 192">
    <p class='ocr_par' dir='ltr' id='par_1_1' title="bbox 237 150 292 192">
     <span class='ocr_line' id='line_1_1' title="bbox 237 150 292 192; baseline 0 0"><span class='ocrx_word' id='word_1_1' title='bbox 237 150 292 192; x_wconf 80' lang='lat'>58</span> 
     </span>
    </p>
   </div>
   <div class='ocr_carea' id='block_1_2' title="bbox 729 148 1283 186">
    <p class='ocr_par' dir='ltr' id='par_1_2' title="bbox 729 148 1283 186">
     <span class='ocr_line' id='line_1_2' title="bbox 729 148 1283 186; baseline 0.005 -3"><span class='ocrx_word' id='word_1_2' title='bbox 729 149 870 184; x_wconf 85' lang='lat' dir='ltr'><strong>LIBER</strong></span> <span class='ocrx_word' id='word_1_3' title='bbox 895 148 1058 183; x_wconf 87' lang='lat' dir='ltr'>XXVIII.</span> <span class='ocrx_word' id='word_1_4' title='bbox 1102 149 1202 186; x_wconf 87' lang='lat' dir='ltr'>CAP.</span> <span class='ocrx_word' id='word_1_5' title='bbox 1228 154 1283 186; x_wconf 87' lang='grc'>26.</span> 
     </span>
    </p>
   </div>
   <div class='ocr_carea' id='block_1_3' title="bbox 1625 162 1782 187">
    <p class='ocr_par' dir='ltr' id='par_1_3' title="bbox 1625 162 1782 187">
     <span class='ocr_line' id='line_1_3' title="bbox 1625 162 1782 187; baseline 0.013 -2"><span class='ocrx_word' id='word_1_6' title='bbox 1625 168 1651 185; x_wconf 78' lang='lat' dir='ltr'>a.</span> <span class='ocrx_word' id='word_1_7' title='bbox 1671 169 1698 186; x_wconf 91' lang='lat' dir='ltr'>u.</span> <span class='ocrx_word' id='word_1_8' title='bbox 1719 162 1782 187; x_wconf 73' lang='lat'>548.</span> 
     </span>
    </p>
   </div>
   <div class='ocr_carea' id='block_1_4' title="bbox 189 256 1781 373">
    <p class='ocr_par' dir='ltr' id='par_1_4' title="bbox 189 256 1781 373">
     <span class='ocr_line' id='line_1_4' title="bbox 189 256 1781 313; baseline -0.001 -11"><span class='ocrx_word' id='word_1_9' title='bbox 189 272 211 302; x_wconf 80' lang='lat'>4</span> <span class='ocrx_word' id='word_1_10' title='bbox 237 259 416 301; x_wconf 86' lang='lat' dir='ltr'>consilio</span> <span class='ocrx_word' id='word_1_11' title='bbox 460 258 653 309; x_wconf 88' lang='lat' dir='ltr'>dimisso,</span> <span class='ocrx_word' id='word_1_12' title='bbox 695 259 743 296; x_wconf 90' lang='lat' dir='ltr'>ut</span> <span class='ocrx_word' id='word_1_13' title='bbox 779 256 823 296; x_wconf 94' lang='lat' dir='ltr'>id</span> <span class='ocrx_word' id='word_1_14' title='bbox 866 258 1009 297; x_wconf 88' lang='lat' dir='ltr'>actum</span> <span class='ocrx_word' id='word_1_15' title='bbox 1053 256 1284 311; x_wconf 87' lang='lat' dir='ltr'>videretur,</span> <span class='ocrx_word' id='word_1_16' title='bbox 1328 259 1539 313; x_wconf 72' lang='lat' dir='ltr'>expeditio</span> <span class='ocrx_word' id='word_1_17' title='bbox 1581 259 1781 300; x_wconf 87' lang='lat' dir='ltr'>adversus</span> 
     </span>
     <span class='ocr_line' id='line_1_5' title="bbox 237 314 1781 373; baseline 0.001 -14"><span class='ocrx_word' id='word_1_18' title='bbox 237 317 514 359; x_wconf 85' lang='lat' dir='ltr'>Mandonium</span> <span class='ocrx_word' id='word_1_19' title='bbox 558 314 868 368; x_wconf 83' lang='lat' dir='ltr'>Indibilemque</span> <span class='ocrx_word' id='word_1_20' title='bbox 913 314 1090 355; x_wconf 81' lang='lat' dir='ltr'>edicitur</span> <span class='ocrx_word' id='word_1_21' title='bbox 1134 316 1362 370; x_wconf 84' lang='lat' dir='ltr'>exercitui,</span> <span class='ocrx_word' id='word_1_22' title='bbox 1405 319 1476 372; x_wconf 91' lang='lat' dir='ltr'>qui</span> <span class='ocrx_word' id='word_1_23' title='bbox 1519 317 1781 373; x_wconf 76' lang='lat' dir='ltr'>Carthagine</span> 
     </span>
    </p>
   </div>
   <div class='ocr_carea' id='block_1_5' title="bbox 191 373 1416 428">
    <p class='ocr_par' dir='ltr' id='par_1_5' title="bbox 191 373 1416 428">
     <span class='ocr_line' id='line_1_6' title="bbox 191 373 1416 428; baseline -0.003 -8"><span class='ocrx_word' id='word_1_24' title='bbox 191 391 211 420; x_wconf 81' lang='lat'>5</span> <span class='ocrx_word' id='word_1_25' title='bbox 239 380 340 428; x_wconf 85' lang='lat' dir='ltr'>erat,</span> <span class='ocrx_word' id='word_1_26' title='bbox 372 378 414 415; x_wconf 92' lang='lat' dir='ltr'>et</span> <span class='ocrx_word' id='word_1_27' title='bbox 444 373 606 415; x_wconf 87' lang='lat' dir='ltr'>cibaria</span> <span class='ocrx_word' id='word_1_28' title='bbox 637 373 801 414; x_wconf 90' lang='lat' dir='ltr'>dierum</span> <span class='ocrx_word' id='word_1_29' title='bbox 831 373 997 427; x_wconf 84' lang='lat' dir='ltr'>aliquot</span> <span class='ocrx_word' id='word_1_30' title='bbox 1027 387 1175 427; x_wconf 89' lang='lat' dir='ltr'>parare</span> <span class='ocrx_word' id='word_1_31' title='bbox 1205 374 1416 416; x_wconf 84' lang='lat' dir='ltr'>iubentur.</span> 
     </span>
    </p>
   </div>
   <div class='ocr_carea' id='block_1_6' title="bbox 189 608 1607 663">
    <p class='ocr_par' dir='ltr' id='par_1_6' title="bbox 189 608 1607 663">
     <span class='ocr_line' id='line_1_7' title="bbox 189 608 1607 663; baseline 0.002 -14"><span class='ocrx_word' id='word_1_32' title='bbox 189 627 207 656; x_wconf 76' lang='grc' dir='ltr'><strong><em>γ</em></strong></span> <span class='ocrx_word' id='word_1_33' title='bbox 234 623 359 650; x_wconf 92' lang='lat' dir='ltr'>mone</span> <span class='ocrx_word' id='word_1_34' title='bbox 389 609 434 650; x_wconf 89' lang='lat' dir='ltr'>in</span> <span class='ocrx_word' id='word_1_35' title='bbox 466 608 700 662; x_wconf 83' lang='lat' dir='ltr'>hospitium</span> <span class='ocrx_word' id='word_1_36' title='bbox 739 609 945 650; x_wconf 86' lang='lat' dir='ltr'>invitatos</span> <span class='ocrx_word' id='word_1_37' title='bbox 978 609 1224 663; x_wconf 87' lang='lat' dir='ltr'>sopitosque</span> <span class='ocrx_word' id='word_1_38' title='bbox 1256 610 1355 651; x_wconf 88' lang='lat' dir='ltr'>vino</span> <span class='ocrx_word' id='word_1_39' title='bbox 1388 610 1607 653; x_wconf 82' lang='lat' dir='ltr'>vincirent.</span> 
     </span>
    </p>
   </div>
   <div class='ocr_carea' id='block_1_7' title="bbox 186 902 1642 957">
    <p class='ocr_par' dir='ltr' id='par_1_7' title="bbox 186 902 1642 957">
     <span class='ocr_line' id='line_1_8' title="bbox 186 902 1642 957; baseline 0.001 -13"><span class='ocrx_word' id='word_1_40' title='bbox 186 920 206 949; x_wconf 79' lang='grc'>8</span> <span class='ocrx_word' id='word_1_41' title='bbox 233 903 537 957; x_wconf 86' lang='lat' dir='ltr'>imperatorem</span> <span class='ocrx_word' id='word_1_42' title='bbox 576 917 703 957; x_wconf 84' lang='lat' dir='ltr'>quam</span> <span class='ocrx_word' id='word_1_43' title='bbox 742 903 826 957; x_wconf 87' lang='lat' dir='ltr'>ipsi</span> <span class='ocrx_word' id='word_1_44' title='bbox 862 902 995 944; x_wconf 90' lang='lat' dir='ltr'>futuri</span> <span class='ocrx_word' id='word_1_45' title='bbox 1034 903 1079 944; x_wconf 89' lang='lat' dir='ltr'>in</span> <span class='ocrx_word' id='word_1_46' title='bbox 1116 907 1332 957; x_wconf 87' lang='lat' dir='ltr'>potestate</span> <span class='ocrx_word' id='word_1_47' title='bbox 1364 904 1454 946; x_wconf 91' lang='lat' dir='ltr'>eius</span> <span class='ocrx_word' id='word_1_48' title='bbox 1488 907 1642 946; x_wconf 88' lang='lat' dir='ltr'>essent.</span> 
     </span>
    </p>
   </div>
   <div class='ocr_carea' id='block_1_8' title="bbox 183 1020 1049 1067">
    <p class='ocr_par' dir='ltr' id='par_1_8' title="bbox 183 1020 1049 1067">
     <span class='ocr_line' id='line_1_9' title="bbox 183 1020 1049 1067; baseline -0.001 -5"><span class='ocrx_word' id='word_1_49' title='bbox 183 1037 203 1067; x_wconf 77' lang='lat'><strong>9</strong></span> <span class='ocrx_word' id='word_1_50' title='bbox 231 1024 397 1062; x_wconf 88' lang='lat' dir='ltr'>rantem</span> <span class='ocrx_word' id='word_1_51' title='bbox 441 1021 584 1062; x_wconf 89' lang='lat' dir='ltr'>omnia</span> <span class='ocrx_word' id='word_1_52' title='bbox 627 1020 680 1061; x_wconf 85' lang='lat' dir='ltr'>ad</span> <span class='ocrx_word' id='word_1_53' title='bbox 723 1021 804 1062; x_wconf 89' lang='lat' dir='ltr'>iter</span> <span class='ocrx_word' id='word_1_54' title='bbox 841 1020 1049 1061; x_wconf 87' lang='lat' dir='ltr'>viderunt.</span> 
     </span>
    </p>
   </div>
   <div class='ocr_carea' id='block_1_9' title="bbox 163 1198 1007 1252">
    <p class='ocr_par' dir='ltr' id='par_1_9' title="bbox 163 1198 1007 1252">
     <span class='ocr_line' id='line_1_10' title="bbox 163 1198 1007 1252; baseline -0.001 -13"><span class='ocrx_word' id='word_1_55' title='bbox 163 1214 206 1245; x_wconf 86' lang='lat'>10</span> <span class='ocrx_word' id='word_1_56' title='bbox 233 1198 340 1239; x_wconf 88' lang='lat' dir='ltr'>citus</span> <span class='ocrx_word' id='word_1_57' title='bbox 374 1199 601 1251; x_wconf 89' lang='lat' dir='ltr'>venissent,</span> <span class='ocrx_word' id='word_1_58' title='bbox 633 1211 813 1252; x_wconf 90' lang='lat' dir='ltr'>corpora</span> <span class='ocrx_word' id='word_1_59' title='bbox 843 1199 1007 1239; x_wconf 88' lang='lat' dir='ltr'>curant.</span> 
     </span>
    </p>
   </div>
   <div class='ocr_carea' id='block_1_10' title="bbox 163 1333 201 1361">
    <p class='ocr_par' dir='ltr' id='par_1_10' title="bbox 163 1333 201 1361">
     <span class='ocr_line' id='line_1_11' title="bbox 163 1333 201 1361; baseline 0 0"><span class='ocrx_word' id='word_1_60' title='bbox 163 1333 201 1361; x_wconf 89' lang='lat'>11</span> 
     </span>
    </p>
   </div>
   <div class='ocr_carea' id='block_1_11' title="bbox 162 1509 204 1539">
    <p class='ocr_par' dir='ltr' id='par_1_11' title="bbox 162 1509 204 1539">
     <span class='ocr_line' id='line_1_12' title="bbox 162 1509 204 1539; baseline 0 0"><span class='ocrx_word' id='word_1_61' title='bbox 162 1509 204 1539; x_wconf 78' lang='lat'>12</span> 
     </span>
    </p>
   </div>
   <div class='ocr_carea' id='block_1_12' title="bbox 1474 378 1780 430">
    <p class='ocr_par' dir='ltr' id='par_1_12' title="bbox 1474 378 1780 430">
     <span class='ocr_line' id='line_1_13' title="bbox 1474 378 1780 430; baseline 0 -12"><span class='ocrx_word' id='word_1_62' title='bbox 1474 378 1656 418; x_wconf 88' lang='lat' dir='ltr'>tribunis</span> <span class='ocrx_word' id='word_1_63' title='bbox 1689 391 1780 430; x_wconf 91' lang='lat' dir='ltr'>sep-</span> 
     </span>
    </p>
   </div>
   <div class='ocr_carea' id='block_1_13' title="bbox 237 429 1782 489">
    <p class='ocr_par' dir='ltr' id='par_1_13' title="bbox 237 429 1782 489">
     <span class='ocr_line' id='line_1_14' title="bbox 237 429 1782 489; baseline 0.002 -14"><span class='ocrx_word' id='word_1_64' title='bbox 237 439 340 486; x_wconf 87' lang='lat' dir='ltr'>tem,</span> <span class='ocrx_word' id='word_1_65' title='bbox 381 433 452 487; x_wconf 92' lang='lat' dir='ltr'>qui</span> <span class='ocrx_word' id='word_1_66' title='bbox 485 434 525 472; x_wconf 88' lang='lat' dir='ltr'>et</span> <span class='ocrx_word' id='word_1_67' title='bbox 563 434 690 473; x_wconf 90' lang='lat' dir='ltr'>antea</span> <span class='ocrx_word' id='word_1_68' title='bbox 717 429 952 473; x_wconf 79' lang='lat' dir='ltr'>Sucronem</span> <span class='ocrx_word' id='word_1_69' title='bbox 990 432 1043 473; x_wconf 86' lang='lat' dir='ltr'>ad</span> <span class='ocrx_word' id='word_1_70' title='bbox 1080 432 1319 473; x_wconf 88' lang='lat' dir='ltr'>leniendam</span> <span class='ocrx_word' id='word_1_71' title='bbox 1352 434 1600 477; x_wconf 90' lang='lat' dir='ltr'>seditionem</span> <span class='ocrx_word' id='word_1_72' title='bbox 1633 437 1782 489; x_wconf 87' lang='lat' dir='ltr'>ierant,</span> 
     </span>
    </p>
   </div>
   <div class='ocr_carea' id='block_1_14' title="bbox 188 491 1782 605">
    <p class='ocr_par' dir='ltr' id='par_1_14' title="bbox 188 491 1782 605">
     <span class='ocr_line' id='line_1_15' title="bbox 238 491 1782 546; baseline 0.002 -13"><span class='ocrx_word' id='word_1_73' title='bbox 238 492 406 534; x_wconf 86' lang='lat' dir='ltr'>obviam</span> <span class='ocrx_word' id='word_1_74' title='bbox 452 491 654 532; x_wconf 84' lang='lat' dir='ltr'>exercitui</span> <span class='ocrx_word' id='word_1_75' title='bbox 698 491 839 532; x_wconf 89' lang='lat' dir='ltr'>missis</span> <span class='ocrx_word' id='word_1_76' title='bbox 884 491 1014 545; x_wconf 85' lang='lat' dir='ltr'>quina</span> <span class='ocrx_word' id='word_1_77' title='bbox 1056 491 1233 533; x_wconf 86' lang='lat' dir='ltr'>nomina</span> <span class='ocrx_word' id='word_1_78' title='bbox 1275 491 1515 546; x_wconf 85' lang='lat' dir='ltr'>principum</span> <span class='ocrx_word' id='word_1_79' title='bbox 1559 495 1782 536; x_wconf 87' lang='lat' dir='ltr'>seditionis</span> 
     </span>
     <span class='ocr_line' id='line_1_16' title="bbox 188 549 1781 605; baseline 0.002 -14"><span class='ocrx_word' id='word_1_80' title='bbox 188 569 208 597; x_wconf 66' lang='lat'>&lt;3</span> <span class='ocrx_word' id='word_1_81' title='bbox 235 551 348 591; x_wconf 86' lang='lat' dir='ltr'>edita</span> <span class='ocrx_word' id='word_1_82' title='bbox 380 553 489 603; x_wconf 89' lang='lat' dir='ltr'>sunt,</span> <span class='ocrx_word' id='word_1_83' title='bbox 521 553 568 591; x_wconf 87' lang='lat' dir='ltr'>ut</span> <span class='ocrx_word' id='word_1_84' title='bbox 599 563 672 591; x_wconf 89' lang='lat' dir='ltr'>eos</span> <span class='ocrx_word' id='word_1_85' title='bbox 704 564 778 604; x_wconf 91' lang='lat' dir='ltr'>per</span> <span class='ocrx_word' id='word_1_86' title='bbox 810 549 985 591; x_wconf 87' lang='lat' dir='ltr'>idoneos</span> <span class='ocrx_word' id='word_1_87' title='bbox 1017 549 1211 592; x_wconf 88' lang='lat' dir='ltr'>homines</span> <span class='ocrx_word' id='word_1_88' title='bbox 1247 550 1433 605; x_wconf 89' lang='lat' dir='ltr'>benigno</span> <span class='ocrx_word' id='word_1_89' title='bbox 1465 553 1584 594; x_wconf 84' lang='lat' dir='ltr'>vultu</span> <span class='ocrx_word' id='word_1_90' title='bbox 1616 567 1664 595; x_wconf 90' lang='lat' dir='ltr'>ac</span> <span class='ocrx_word' id='word_1_91' title='bbox 1697 567 1781 594; x_wconf 90' lang='lat' dir='ltr'>ser-</span> 
     </span>
    </p>
   </div>
   <div class='ocr_carea' id='block_1_15' title="bbox 1667 611 1782 653">
    <p class='ocr_par' dir='ltr' id='par_1_15' title="bbox 1667 611 1782 653">
     <span class='ocr_line' id='line_1_17' title="bbox 1667 611 1782 653; baseline 0 -1"><span class='ocrx_word' id='word_1_92' title='bbox 1667 611 1782 653; x_wconf 92' lang='lat' dir='ltr'>haud</span> 
     </span>
    </p>
   </div>
   <div class='ocr_carea' id='block_1_16' title="bbox 232 666 1786 900">
    <p class='ocr_par' dir='ltr' id='par_1_16' title="bbox 232 666 1786 900">
     <span class='ocr_line' id='line_1_18' title="bbox 233 666 1782 724; baseline 0.002 -15"><span class='ocrx_word' id='word_1_93' title='bbox 233 668 379 721; x_wconf 86' lang='lat' dir='ltr'>procul</span> <span class='ocrx_word' id='word_1_94' title='bbox 410 668 496 709; x_wconf 88' lang='lat' dir='ltr'>iam</span> <span class='ocrx_word' id='word_1_95' title='bbox 524 666 784 723; x_wconf 84' lang='lat' dir='ltr'>Carthagine</span> <span class='ocrx_word' id='word_1_96' title='bbox 811 668 1003 722; x_wconf 88' lang='lat' dir='ltr'>aberant,</span> <span class='ocrx_word' id='word_1_97' title='bbox 1034 682 1129 709; x_wconf 88' lang='lat' dir='ltr'>cum</span> <span class='ocrx_word' id='word_1_98' title='bbox 1156 682 1205 709; x_wconf 84' lang='lat' dir='ltr'>ex</span> <span class='ocrx_word' id='word_1_99' title='bbox 1233 669 1368 710; x_wconf 86' lang='lat' dir='ltr'>obviis</span> <span class='ocrx_word' id='word_1_100' title='bbox 1395 669 1585 710; x_wconf 89' lang='lat' dir='ltr'>auditum</span> <span class='ocrx_word' id='word_1_101' title='bbox 1611 673 1782 724; x_wconf 90' lang='lat' dir='ltr'>postero</span> 
     </span>
     <span class='ocr_line' id='line_1_19' title="bbox 233 725 1784 782; baseline 0.001 -15"><span class='ocrx_word' id='word_1_102' title='bbox 233 726 298 767; x_wconf 91' lang='lat' dir='ltr'>die</span> <span class='ocrx_word' id='word_1_103' title='bbox 338 741 504 768; x_wconf 88' lang='lat' dir='ltr'>omnem</span> <span class='ocrx_word' id='word_1_104' title='bbox 543 727 774 768; x_wconf 85' lang='lat' dir='ltr'>exercitum</span> <span class='ocrx_word' id='word_1_105' title='bbox 812 740 906 768; x_wconf 90' lang='lat' dir='ltr'>cum</span> <span class='ocrx_word' id='word_1_106' title='bbox 944 726 1000 768; x_wconf 92' lang='lat' dir='ltr'>M.</span> <span class='ocrx_word' id='word_1_107' title='bbox 1033 725 1180 768; x_wconf 85' lang='lat' dir='ltr'>Silano</span> <span class='ocrx_word' id='word_1_108' title='bbox 1219 728 1263 768; x_wconf 91' lang='lat' dir='ltr'>in</span> <span class='ocrx_word' id='word_1_109' title='bbox 1294 727 1531 769; x_wconf 85' lang='lat' dir='ltr'>Lacetanos</span> <span class='ocrx_word' id='word_1_110' title='bbox 1573 728 1784 782; x_wconf 85' lang='lat' dir='ltr'>proficisci</span> 
     </span>
     <span class='ocr_line' id='line_1_20' title="bbox 232 785 1786 840; baseline 0.001 -14"><span class='ocrx_word' id='word_1_111' title='bbox 232 799 320 826; x_wconf 92' lang='lat' dir='ltr'>non</span> <span class='ocrx_word' id='word_1_112' title='bbox 352 788 468 826; x_wconf 91' lang='lat' dir='ltr'>metu</span> <span class='ocrx_word' id='word_1_113' title='bbox 502 785 628 826; x_wconf 90' lang='lat' dir='ltr'>modo</span> <span class='ocrx_word' id='word_1_114' title='bbox 661 786 796 838; x_wconf 91' lang='lat' dir='ltr'>omni,</span> <span class='ocrx_word' id='word_1_115' title='bbox 833 786 905 840; x_wconf 89' lang='lat' dir='ltr'>qui</span> <span class='ocrx_word' id='word_1_116' title='bbox 943 786 1099 827; x_wconf 88' lang='lat' dir='ltr'>tacitus</span> <span class='ocrx_word' id='word_1_117' title='bbox 1136 786 1350 827; x_wconf 87' lang='lat' dir='ltr'>insidebat</span> <span class='ocrx_word' id='word_1_118' title='bbox 1381 787 1552 839; x_wconf 87' lang='lat' dir='ltr'>animis,</span> <span class='ocrx_word' id='word_1_119' title='bbox 1590 787 1786 828; x_wconf 86' lang='lat' dir='ltr'>liberavit</span> 
     </span>
     <span class='ocr_line' id='line_1_21' title="bbox 235 844 1785 900; baseline 0.001 -15"><span class='ocrx_word' id='word_1_120' title='bbox 235 858 324 897; x_wconf 89' lang='lat' dir='ltr'>eos,</span> <span class='ocrx_word' id='word_1_121' title='bbox 357 844 430 886; x_wconf 88' lang='lat' dir='ltr'>sed</span> <span class='ocrx_word' id='word_1_122' title='bbox 461 844 673 885; x_wconf 87' lang='lat' dir='ltr'>laetitiam</span> <span class='ocrx_word' id='word_1_123' title='bbox 706 845 926 899; x_wconf 89' lang='lat' dir='ltr'>ingentem</span> <span class='ocrx_word' id='word_1_124' title='bbox 958 844 1077 897; x_wconf 87' lang='lat' dir='ltr'>fecit,</span> <span class='ocrx_word' id='word_1_125' title='bbox 1109 845 1221 899; x_wconf 91' lang='lat' dir='ltr'>quod</span> <span class='ocrx_word' id='word_1_126' title='bbox 1252 846 1390 900; x_wconf 89' lang='lat' dir='ltr'>magis</span> <span class='ocrx_word' id='word_1_127' title='bbox 1422 846 1613 887; x_wconf 88' lang='lat' dir='ltr'>habituri</span> <span class='ocrx_word' id='word_1_128' title='bbox 1645 845 1785 887; x_wconf 92' lang='lat' dir='ltr'>solum</span> 
     </span>
    </p>
   </div>
   <div class='ocr_carea' id='block_1_17' title="bbox 1705 905 1783 946">
    <p class='ocr_par' dir='ltr' id='par_1_17' title="bbox 1705 905 1783 946">
     <span class='ocr_line' id='line_1_22' title="bbox 1705 905 1783 946; baseline 0 0"><span class='ocrx_word' id='word_1_129' title='bbox 1705 905 1783 946; x_wconf 85' lang='lat' dir='ltr'>sub</span> 
     </span>
    </p>
   </div>
   <div class='ocr_carea' id='block_1_18' title="bbox 233 961 1783 1017">
    <p class='ocr_par' dir='ltr' id='par_1_18' title="bbox 233 961 1783 1017">
     <span class='ocr_line' id='line_1_23' title="bbox 233 961 1783 1017; baseline 0.001 -14"><span class='ocrx_word' id='word_1_130' title='bbox 233 976 429 1004; x_wconf 89' lang='lat' dir='ltr'>occasum</span> <span class='ocrx_word' id='word_1_131' title='bbox 462 962 564 1003; x_wconf 89' lang='lat' dir='ltr'>solis</span> <span class='ocrx_word' id='word_1_132' title='bbox 602 961 750 1002; x_wconf 90' lang='lat' dir='ltr'>urbem</span> <span class='ocrx_word' id='word_1_133' title='bbox 788 962 973 1016; x_wconf 87' lang='lat' dir='ltr'>ingressi</span> <span class='ocrx_word' id='word_1_134' title='bbox 1011 966 1113 1003; x_wconf 85' lang='lat' dir='ltr'>sunt</span> <span class='ocrx_word' id='word_1_135' title='bbox 1150 963 1466 1017; x_wconf 85' lang='lat' dir='ltr'>exercitumque</span> <span class='ocrx_word' id='word_1_136' title='bbox 1499 964 1679 1004; x_wconf 87' lang='lat' dir='ltr'>alterum</span> <span class='ocrx_word' id='word_1_137' title='bbox 1711 978 1783 1017; x_wconf 90' lang='lat' dir='ltr'>pa-</span> 
     </span>
    </p>
   </div>
   <div class='ocr_carea' id='block_1_19' title="bbox 1117 1021 1782 1074">
    <p class='ocr_par' dir='ltr' id='par_1_19' title="bbox 1117 1021 1782 1074">
     <span class='ocr_line' id='line_1_24' title="bbox 1117 1021 1782 1074; baseline 0.003 -13"><span class='ocrx_word' id='word_1_138' title='bbox 1117 1021 1282 1074; x_wconf 83' lang='lat' dir='ltr'>excepti</span> <span class='ocrx_word' id='word_1_139' title='bbox 1325 1022 1590 1063; x_wconf 88' lang='lat' dir='ltr'>sermonibus</span> <span class='ocrx_word' id='word_1_140' title='bbox 1630 1022 1680 1063; x_wconf 91' lang='lat' dir='ltr'>de</span> <span class='ocrx_word' id='word_1_141' title='bbox 1721 1022 1782 1063; x_wconf 91' lang='lat' dir='ltr'>in-</span> 
     </span>
    </p>
   </div>
   <div class='ocr_carea' id='block_1_20' title="bbox 231 1079 1784 1192">
    <p class='ocr_par' dir='ltr' id='par_1_20' title="bbox 231 1079 1784 1192">
     <span class='ocr_line' id='line_1_25' title="bbox 231 1079 1784 1134; baseline 0.001 -13"><span class='ocrx_word' id='word_1_142' title='bbox 231 1079 396 1121; x_wconf 88' lang='lat' dir='ltr'>dustria</span> <span class='ocrx_word' id='word_1_143' title='bbox 436 1079 704 1134; x_wconf 87' lang='lat' dir='ltr'>compositis,</span> <span class='ocrx_word' id='word_1_144' title='bbox 751 1080 912 1121; x_wconf 89' lang='lat' dir='ltr'>laetum</span> <span class='ocrx_word' id='word_1_145' title='bbox 954 1081 1325 1134; x_wconf 89' lang='lat' dir='ltr'>opportunumque</span> <span class='ocrx_word' id='word_1_146' title='bbox 1365 1080 1593 1122; x_wconf 85' lang='lat' dir='ltr'>adventum</span> <span class='ocrx_word' id='word_1_147' title='bbox 1637 1095 1784 1122; x_wconf 87' lang='lat' dir='ltr'>eorum</span> 
     </span>
     <span class='ocr_line' id='line_1_26' title="bbox 231 1138 1783 1192; baseline 0.001 -13"><span class='ocrx_word' id='word_1_148' title='bbox 231 1139 481 1192; x_wconf 88' lang='lat' dir='ltr'>imperatori</span> <span class='ocrx_word' id='word_1_149' title='bbox 520 1153 626 1192; x_wconf 86' lang='lat' dir='ltr'>esse,</span> <span class='ocrx_word' id='word_1_150' title='bbox 667 1139 778 1192; x_wconf 91' lang='lat' dir='ltr'>quod</span> <span class='ocrx_word' id='word_1_151' title='bbox 818 1138 895 1179; x_wconf 89' lang='lat' dir='ltr'>sub</span> <span class='ocrx_word' id='word_1_152' title='bbox 933 1139 1073 1192; x_wconf 88' lang='lat' dir='ltr'>ipsam</span> <span class='ocrx_word' id='word_1_153' title='bbox 1111 1138 1418 1192; x_wconf 88' lang='lat' dir='ltr'>profectionem</span> <span class='ocrx_word' id='word_1_154' title='bbox 1459 1140 1633 1180; x_wconf 87' lang='lat' dir='ltr'>alterius</span> <span class='ocrx_word' id='word_1_155' title='bbox 1666 1153 1783 1180; x_wconf 84' lang='lat' dir='ltr'>exer-</span> 
     </span>
    </p>
   </div>
   <div class='ocr_carea' id='block_1_21' title="bbox 1070 1197 1785 1239">
    <p class='ocr_par' dir='ltr' id='par_1_21' title="bbox 1070 1197 1785 1239">
     <span class='ocr_line' id='line_1_27' title="bbox 1070 1197 1785 1239; baseline -0.001 0"><span class='ocrx_word' id='word_1_156' title='bbox 1070 1197 1123 1239; x_wconf 87' lang='lat' dir='ltr'>ab</span> <span class='ocrx_word' id='word_1_157' title='bbox 1155 1197 1339 1239; x_wconf 82' lang='lat' dir='ltr'>tribunis</span> <span class='ocrx_word' id='word_1_158' title='bbox 1366 1199 1456 1239; x_wconf 92' lang='lat' dir='ltr'>sine</span> <span class='ocrx_word' id='word_1_159' title='bbox 1481 1198 1570 1239; x_wconf 92' lang='lat' dir='ltr'>ullo</span> <span class='ocrx_word' id='word_1_160' title='bbox 1595 1198 1785 1239; x_wconf 91' lang='lat' dir='ltr'>tumultu</span> 
     </span>
    </p>
   </div>
   <div class='ocr_carea' id='block_1_22' title="bbox 234 1256 1785 1311">
    <p class='ocr_par' dir='ltr' id='par_1_22' title="bbox 234 1256 1785 1311">
     <span class='ocr_line' id='line_1_28' title="bbox 234 1256 1785 1311; baseline -0.001 -13"><span class='ocrx_word' id='word_1_161' title='bbox 234 1259 429 1298; x_wconf 86' lang='lat' dir='ltr'>auctores</span> <span class='ocrx_word' id='word_1_162' title='bbox 463 1256 702 1310; x_wconf 86' lang='lat' dir='ltr'>seditionis,</span> <span class='ocrx_word' id='word_1_163' title='bbox 740 1271 815 1311; x_wconf 92' lang='lat' dir='ltr'>per</span> <span class='ocrx_word' id='word_1_164' title='bbox 845 1256 1022 1298; x_wconf 90' lang='lat' dir='ltr'>idoneos</span> <span class='ocrx_word' id='word_1_165' title='bbox 1053 1256 1248 1297; x_wconf 89' lang='lat' dir='ltr'>homines</span> <span class='ocrx_word' id='word_1_166' title='bbox 1287 1256 1478 1310; x_wconf 90' lang='lat' dir='ltr'>perducti</span> <span class='ocrx_word' id='word_1_167' title='bbox 1509 1257 1553 1298; x_wconf 91' lang='lat' dir='ltr'>in</span> <span class='ocrx_word' id='word_1_168' title='bbox 1583 1256 1785 1311; x_wconf 87' lang='lat' dir='ltr'>hospitia,</span> 
     </span>
    </p>
   </div>
   <div class='ocr_carea' id='block_1_23' title="bbox 231 1316 878 1370">
    <p class='ocr_par' dir='ltr' id='par_1_23' title="bbox 231 1316 878 1370">
     <span class='ocr_line' id='line_1_29' title="bbox 231 1316 878 1370; baseline 0 -14"><span class='ocrx_word' id='word_1_169' title='bbox 231 1316 473 1370; x_wconf 87' lang='lat' dir='ltr'>comprensi</span> <span class='ocrx_word' id='word_1_170' title='bbox 511 1330 559 1357; x_wconf 88' lang='lat' dir='ltr'>ac</span> <span class='ocrx_word' id='word_1_171' title='bbox 597 1316 729 1356; x_wconf 83' lang='lat' dir='ltr'>vincti</span> <span class='ocrx_word' id='word_1_172' title='bbox 769 1318 878 1357; x_wconf 90' lang='lat' dir='ltr'>sunt.</span> 
     </span>
    </p>
   </div>
   <div class='ocr_carea' id='block_1_24' title="bbox 948 1315 1785 1370">
    <p class='ocr_par' dir='ltr' id='par_1_24' title="bbox 948 1315 1785 1370">
     <span class='ocr_line' id='line_1_30' title="bbox 948 1315 1785 1370; baseline 0 -14"><span class='ocrx_word' id='word_1_173' title='bbox 948 1315 1098 1370; x_wconf 84' lang='lat' dir='ltr'>vigilia</span> <span class='ocrx_word' id='word_1_174' title='bbox 1135 1317 1285 1369; x_wconf 87' lang='lat' dir='ltr'>quarta</span> <span class='ocrx_word' id='word_1_175' title='bbox 1326 1315 1631 1370; x_wconf 86' lang='lat' dir='ltr'>impedimenta</span> <span class='ocrx_word' id='word_1_176' title='bbox 1669 1329 1785 1356; x_wconf 84' lang='lat' dir='ltr'>exer-</span> 
     </span>
    </p>
   </div>
   <div class='ocr_carea' id='block_1_25' title="bbox 231 1374 1785 1488">
    <p class='ocr_par' dir='ltr' id='par_1_25' title="bbox 231 1374 1785 1488">
     <span class='ocr_line' id='line_1_31' title="bbox 231 1374 1785 1429; baseline 0 -14"><span class='ocrx_word' id='word_1_177' title='bbox 231 1374 359 1428; x_wconf 89' lang='lat' dir='ltr'>citus,</span> <span class='ocrx_word' id='word_1_178' title='bbox 405 1375 524 1416; x_wconf 89' lang='lat' dir='ltr'>cuius</span> <span class='ocrx_word' id='word_1_179' title='bbox 565 1374 848 1416; x_wconf 86' lang='lat' dir='ltr'>simulabatur</span> <span class='ocrx_word' id='word_1_180' title='bbox 891 1374 990 1427; x_wconf 85' lang='lat' dir='ltr'>iter,</span> <span class='ocrx_word' id='word_1_181' title='bbox 1033 1374 1244 1428; x_wconf 89' lang='lat' dir='ltr'>proficisci</span> <span class='ocrx_word' id='word_1_182' title='bbox 1289 1388 1482 1429; x_wconf 89' lang='lat' dir='ltr'>coepere;</span> <span class='ocrx_word' id='word_1_183' title='bbox 1526 1374 1603 1416; x_wconf 90' lang='lat' dir='ltr'>sub</span> <span class='ocrx_word' id='word_1_184' title='bbox 1646 1374 1785 1416; x_wconf 91' lang='lat' dir='ltr'>lucem</span> 
     </span>
     <span class='ocr_line' id='line_1_32' title="bbox 231 1433 1785 1488; baseline 0.001 -15"><span class='ocrx_word' id='word_1_185' title='bbox 231 1433 355 1487; x_wconf 86' lang='lat' dir='ltr'>signa</span> <span class='ocrx_word' id='word_1_186' title='bbox 385 1436 503 1476; x_wconf 86' lang='lat' dir='ltr'>mota</span> <span class='ocrx_word' id='word_1_187' title='bbox 540 1436 582 1475; x_wconf 90' lang='lat' dir='ltr'>et</span> <span class='ocrx_word' id='word_1_188' title='bbox 619 1433 671 1475; x_wconf 88' lang='lat' dir='ltr'>ad</span> <span class='ocrx_word' id='word_1_189' title='bbox 708 1436 878 1487; x_wconf 85' lang='lat' dir='ltr'>portam</span> <span class='ocrx_word' id='word_1_190' title='bbox 916 1436 1130 1474; x_wconf 89' lang='lat' dir='ltr'>retentum</span> <span class='ocrx_word' id='word_1_191' title='bbox 1170 1446 1324 1487; x_wconf 87' lang='lat' dir='ltr'>agmen</span> <span class='ocrx_word' id='word_1_192' title='bbox 1356 1433 1636 1488; x_wconf 88' lang='lat' dir='ltr'>custodesque</span> <span class='ocrx_word' id='word_1_193' title='bbox 1673 1433 1785 1475; x_wconf 88' lang='lat' dir='ltr'>circa</span> 
     </span>
    </p>
   </div>
   <div class='ocr_carea' id='block_1_26' title="bbox 232 1492 1399 1547">
    <p class='ocr_par' dir='ltr' id='par_1_26' title="bbox 232 1492 1399 1547">
     <span class='ocr_line' id='line_1_33' title="bbox 232 1492 1399 1547; baseline 0 -14"><span class='ocrx_word' id='word_1_194' title='bbox 232 1493 371 1534; x_wconf 89' lang='lat' dir='ltr'>omnis</span> <span class='ocrx_word' id='word_1_195' title='bbox 403 1496 549 1547; x_wconf 86' lang='lat' dir='ltr'>portas</span> <span class='ocrx_word' id='word_1_196' title='bbox 587 1493 725 1546; x_wconf 87' lang='lat' dir='ltr'>missi,</span> <span class='ocrx_word' id='word_1_197' title='bbox 762 1507 815 1533; x_wconf 91' lang='lat' dir='ltr'>ne</span> <span class='ocrx_word' id='word_1_198' title='bbox 848 1493 941 1547; x_wconf 88' lang='lat' dir='ltr'>quis</span> <span class='ocrx_word' id='word_1_199' title='bbox 980 1492 1083 1533; x_wconf 89' lang='lat' dir='ltr'>urbe</span> <span class='ocrx_word' id='word_1_200' title='bbox 1116 1492 1399 1546; x_wconf 85' lang='lat' dir='ltr'>egrederetur.</span> 
     </span>
    </p>
   </div>
   <div class='ocr_carea' id='block_1_27' title="bbox 1460 1491 1783 1534">
    <p class='ocr_par' dir='ltr' id='par_1_27' title="bbox 1460 1491 1783 1534">
     <span class='ocr_line' id='line_1_34' title="bbox 1460 1491 1783 1534; baseline -0.003 0"><span class='ocrx_word' id='word_1_201' title='bbox 1460 1493 1600 1534; x_wconf 86' lang='lat' dir='ltr'>vocati</span> <span class='ocrx_word' id='word_1_202' title='bbox 1632 1491 1783 1533; x_wconf 87' lang='lat' dir='ltr'>deinde</span> 
     </span>
    </p>
   </div>
   <div class='ocr_carea' id='block_1_28' title="bbox 229 1550 1784 1664">
    <p class='ocr_par' dir='ltr' id='par_1_28' title="bbox 229 1550 1784 1664">
     <span class='ocr_line' id='line_1_35' title="bbox 233 1550 1784 1606; baseline -0.001 -14"><span class='ocrx_word' id='word_1_203' title='bbox 233 1550 287 1592; x_wconf 85' lang='lat' dir='ltr'>ad</span> <span class='ocrx_word' id='word_1_204' title='bbox 319 1552 581 1605; x_wconf 89' lang='lat' dir='ltr'>contionem,</span> <span class='ocrx_word' id='word_1_205' title='bbox 613 1551 684 1606; x_wconf 91' lang='lat' dir='ltr'>qui</span> <span class='ocrx_word' id='word_1_206' title='bbox 716 1552 852 1605; x_wconf 86' lang='lat' dir='ltr'>pridie</span> <span class='ocrx_word' id='word_1_207' title='bbox 884 1553 1110 1603; x_wconf 86' lang='lat' dir='ltr'>venerant,</span> <span class='ocrx_word' id='word_1_208' title='bbox 1147 1551 1348 1592; x_wconf 85' lang='lat' dir='ltr'>ferociter</span> <span class='ocrx_word' id='word_1_209' title='bbox 1378 1552 1422 1592; x_wconf 94' lang='lat' dir='ltr'>in</span> <span class='ocrx_word' id='word_1_210' title='bbox 1453 1551 1590 1593; x_wconf 83' lang='lat' dir='ltr'>forum</span> <span class='ocrx_word' id='word_1_211' title='bbox 1625 1550 1678 1592; x_wconf 86' lang='lat' dir='ltr'>ad</span> <span class='ocrx_word' id='word_1_212' title='bbox 1708 1550 1784 1591; x_wconf 89' lang='lat' dir='ltr'>tri-</span> 
     </span>
     <span class='ocr_line' id='line_1_36' title="bbox 229 1610 1782 1664; baseline 0 -13"><span class='ocrx_word' id='word_1_213' title='bbox 229 1610 361 1651; x_wconf 89' lang='lat' dir='ltr'>bunal</span> <span class='ocrx_word' id='word_1_214' title='bbox 404 1611 698 1664; x_wconf 89' lang='lat' dir='ltr'>imperatoris,</span> <span class='ocrx_word' id='word_1_215' title='bbox 743 1613 790 1651; x_wconf 93' lang='lat' dir='ltr'>ut</span> <span class='ocrx_word' id='word_1_216' title='bbox 833 1610 946 1651; x_wconf 89' lang='lat' dir='ltr'>ultro</span> <span class='ocrx_word' id='word_1_217' title='bbox 987 1610 1177 1651; x_wconf 88' lang='lat' dir='ltr'>territuri</span> <span class='ocrx_word' id='word_1_218' title='bbox 1217 1610 1639 1663; x_wconf 77' lang='lat' dir='ltr'>sueclamationibus,</span> <span class='ocrx_word' id='word_1_219' title='bbox 1686 1623 1782 1651; x_wconf 86' lang='lat' dir='ltr'>con-</span> 
     </span>
    </p>
   </div>
   <div class='ocr_carea' id='block_1_29' title="bbox 226 1784 972 2959">
    <p class='ocr_par' dir='ltr' id='par_1_29' title="bbox 229 1784 968 1867">
     <span class='ocr_line' id='line_1_37' title="bbox 230 1784 968 1829; baseline 0.004 -12"><span class='ocrx_word' id='word_1_220' title='bbox 230 1785 303 1829; x_wconf 88' lang='lat' dir='ltr'>vgl.</span> <span class='ocrx_word' id='word_1_221' title='bbox 319 1784 378 1827; x_wconf 78' lang='grc'>23,</span> <span class='ocrx_word' id='word_1_222' title='bbox 396 1788 450 1828; x_wconf 88' lang='lat'>18,</span> <span class='ocrx_word' id='word_1_223' title='bbox 466 1789 484 1819; x_wconf 90' lang='lat'>9</span> <span class='ocrx_word' id='word_1_224' title='bbox 512 1797 575 1820; x_wconf 87' lang='lat' dir='ltr'>nec</span> <span class='ocrx_word' id='word_1_225' title='bbox 599 1785 648 1820; x_wconf 84' lang='lat' dir='ltr'>ad</span> <span class='ocrx_word' id='word_1_226' title='bbox 672 1786 793 1820; x_wconf 83' lang='lat' dir='ltr'>varios</span> <span class='ocrx_word' id='word_1_227' title='bbox 819 1789 968 1821; x_wconf 83' lang='lat' dir='ltr'>conatus</span> 
     </span>
     <span class='ocr_line' id='line_1_38' title="bbox 229 1832 787 1867; baseline 0.002 -1"><span class='ocrx_word' id='word_1_228' title='bbox 229 1852 272 1856; x_wconf 90' lang='lat'>—</span> <span class='ocrx_word' id='word_1_229' title='bbox 299 1832 353 1866; x_wconf 81' lang='lat' dir='ltr'>vis</span> <span class='ocrx_word' id='word_1_230' title='bbox 378 1837 444 1867; x_wconf 92' lang='lat' dir='ltr'>aut</span> <span class='ocrx_word' id='word_1_231' title='bbox 469 1843 530 1867; x_wconf 80' lang='lat' dir='ltr'>ars</span> <span class='ocrx_word' id='word_1_232' title='bbox 553 1833 632 1867; x_wconf 84' lang='lat' dir='ltr'>ulla</span> <span class='ocrx_word' id='word_1_233' title='bbox 657 1833 787 1867; x_wconf 80' lang='lat' dir='ltr'>deerat.</span> 
     </span>
    </p>

    <p class='ocr_par' dir='ltr' id='par_1_30' title="bbox 227 1879 969 2056">
     <span class='ocr_line' id='line_1_39' title="bbox 277 1879 966 1925; baseline 0.001 -12"><span class='ocrx_word' id='word_1_234' title='bbox 277 1883 307 1913; x_wconf 91' lang='lat'>5.</span> <span class='ocrx_word' id='word_1_235' title='bbox 335 1882 368 1913; x_wconf 83' lang='lat' dir='ltr'>ct</span> <span class='ocrx_word' id='word_1_236' title='bbox 393 1880 515 1925; x_wconf 84' lang='lat' dir='ltr'>antea]</span> <span class='ocrx_word' id='word_1_237' title='bbox 544 1880 680 1923; x_wconf 86' lang='lat' dir='ltr'>„sehon</span> <span class='ocrx_word' id='word_1_238' title='bbox 700 1879 866 1922; x_wconf 76' lang='lat' dir='ltr'>friiher“;</span> <span class='ocrx_word' id='word_1_239' title='bbox 892 1880 966 1924; x_wconf 85' lang='lat' dir='ltr'>vgl.</span> 
     </span>
     <span class='ocr_line' id='line_1_40' title="bbox 227 1925 969 1971; baseline 0.004 -12"><span class='ocrx_word' id='word_1_240' title='bbox 227 1925 288 1969; x_wconf 81' lang='lat'>26,</span> <span class='ocrx_word' id='word_1_241' title='bbox 309 1929 364 1968; x_wconf 87' lang='grc'>40,</span> <span class='ocrx_word' id='word_1_242' title='bbox 385 1930 405 1961; x_wconf 87' lang='grc'>9</span> <span class='ocrx_word' id='word_1_243' title='bbox 426 1927 465 1962; x_wconf 76' lang='lat' dir='ltr'>id</span> <span class='ocrx_word' id='word_1_244' title='bbox 489 1928 584 1971; x_wconf 77' lang='lat' dir='ltr'>quod</span> <span class='ocrx_word' id='word_1_245' title='bbox 609 1931 640 1962; x_wconf 87' lang='lat' dir='ltr'>et</span> <span class='ocrx_word' id='word_1_246' title='bbox 665 1931 749 1962; x_wconf 81' lang='lat' dir='ltr'>ante</span> <span class='ocrx_word' id='word_1_247' title='bbox 768 1928 949 1962; x_wconf 72' lang='lat' dir='ltr'>acciderat</span> <span class='ocrx_word' id='word_1_248' title='bbox 958 1940 969 1968; x_wconf 89' lang='lat'>,·</span> 
     </span>
     <span class='ocr_line' id='line_1_41' title="bbox 228 1973 967 2019; baseline 0.004 -13"><span class='ocrx_word' id='word_1_249' title='bbox 228 1973 461 2017; x_wconf 73' lang='lat' dir='ltr'>gewohnlich</span> <span class='ocrx_word' id='word_1_250' title='bbox 481 1975 555 2008; x_wconf 85' lang='lat' dir='ltr'>iam</span> <span class='ocrx_word' id='word_1_251' title='bbox 575 1978 674 2017; x_wconf 69' lang='lat' dir='ltr'>ante,</span> <span class='ocrx_word' id='word_1_252' title='bbox 694 1974 768 2019; x_wconf 82' lang='lat' dir='ltr'>vgl.</span> <span class='ocrx_word' id='word_1_253' title='bbox 789 1974 849 2018; x_wconf 79' lang='lat'>27,</span> <span class='ocrx_word' id='word_1_254' title='bbox 869 1978 926 2017; x_wconf 82' lang='lat'>47,</span> <span class='ocrx_word' id='word_1_255' title='bbox 947 1978 967 2009; x_wconf 83' lang='lat'>9</span> 
     </span>
     <span class='ocr_line' id='line_1_42' title="bbox 228 2021 968 2056; baseline 0.003 -2"><span class='ocrx_word' id='word_1_256' title='bbox 228 2021 267 2054; x_wconf 83' lang='lat' dir='ltr'>in</span> <span class='ocrx_word' id='word_1_257' title='bbox 282 2021 470 2055; x_wconf 79' lang='lat' dir='ltr'>destinatis</span> <span class='ocrx_word' id='word_1_258' title='bbox 489 2023 563 2055; x_wconf 86' lang='lat' dir='ltr'>iam</span> <span class='ocrx_word' id='word_1_259' title='bbox 577 2025 660 2056; x_wconf 85' lang='lat' dir='ltr'>ante</span> <span class='ocrx_word' id='word_1_260' title='bbox 675 2022 797 2056; x_wconf 88' lang='lat' dir='ltr'>animo</span> <span class='ocrx_word' id='word_1_261' title='bbox 813 2022 968 2056; x_wconf 79' lang='lat' dir='ltr'>latebris.</span> 
     </span>
    </p>

    <p class='ocr_par' dir='ltr' id='par_1_31' title="bbox 228 2068 968 2196">
     <span class='ocr_line' id='line_1_43' title="bbox 277 2068 968 2113; baseline 0.004 -13"><span class='ocrx_word' id='word_1_262' title='bbox 277 2070 307 2100; x_wconf 82' lang='grc'>7.</span> <span class='ocrx_word' id='word_1_263' title='bbox 329 2068 512 2113; x_wconf 82' lang='lat' dir='ltr'>auditum]</span> <span class='ocrx_word' id='word_1_264' title='bbox 535 2069 618 2112; x_wconf 88' lang='lat' dir='ltr'>„die</span> <span class='ocrx_word' id='word_1_265' title='bbox 632 2068 871 2111; x_wconf 82' lang='lat' dir='ltr'>Nachricht“;</span> <span class='ocrx_word' id='word_1_266' title='bbox 893 2069 968 2113; x_wconf 90' lang='lat' dir='ltr'>vgl.</span> 
     </span>
     <span class='ocr_line' id='line_1_44' title="bbox 229 2116 968 2159; baseline 0.003 -11"><span class='ocrx_word' id='word_1_267' title='bbox 229 2124 259 2148; x_wconf 86' lang='lat' dir='ltr'>c.</span> <span class='ocrx_word' id='word_1_268' title='bbox 295 2118 354 2157; x_wconf 90' lang='lat'>12,</span> <span class='ocrx_word' id='word_1_269' title='bbox 388 2118 407 2148; x_wconf 85' lang='grc'><strong>6</strong></span> <span class='ocrx_word' id='word_1_270' title='bbox 441 2119 520 2159; x_wconf 80' lang='lat' dir='ltr'>post</span> <span class='ocrx_word' id='word_1_271' title='bbox 551 2135 594 2140; x_wconf 91' lang='lat'>———</span> <span class='ocrx_word' id='word_1_272' title='bbox 629 2116 777 2150; x_wconf 83' lang='lat' dir='ltr'>deletum</span> <span class='ocrx_word' id='word_1_273' title='bbox 812 2136 853 2140; x_wconf 90' lang='lat'><strong>—</strong></span> <span class='ocrx_word' id='word_1_274' title='bbox 887 2127 968 2150; x_wconf 87' lang='lat' dir='ltr'>con·</span> 
     </span>
     <span class='ocr_line' id='line_1_45' title="bbox 228 2171 372 2196; baseline 0 -1"><span class='ocrx_word' id='word_1_275' title='bbox 228 2171 372 2196; x_wconf 84' lang='lat' dir='ltr'>cessum.</span> 
     </span>
    </p>

    <p class='ocr_par' dir='ltr' id='par_1_32' title="bbox 226 2208 970 2430">
     <span class='ocr_line' id='line_1_46' title="bbox 273 2208 968 2254; baseline 0.001 -11"><span class='ocrx_word' id='word_1_276' title='bbox 273 2209 478 2254; x_wconf 72' lang='lat' dir='ltr'>proficisci]</span> <span class='ocrx_word' id='word_1_277' title='bbox 527 2210 617 2243; x_wconf 87' lang='lat' dir='ltr'>statt</span> <span class='ocrx_word' id='word_1_278' title='bbox 661 2209 724 2243; x_wconf 91' lang='lat' dir='ltr'>des</span> <span class='ocrx_word' id='word_1_279' title='bbox 768 2208 835 2243; x_wconf 86' lang='lat' dir='ltr'>Inf.</span> <span class='ocrx_word' id='word_1_280' title='bbox 874 2209 968 2251; x_wconf 71' lang='lat' dir='ltr'>Fut,</span> 
     </span>
     <span class='ocr_line' id='line_1_47' title="bbox 229 2255 970 2291; baseline 0.003 -2"><span class='ocrx_word' id='word_1_281' title='bbox 229 2267 291 2289; x_wconf 91' lang='lat' dir='ltr'>um</span> <span class='ocrx_word' id='word_1_282' title='bbox 329 2255 388 2290; x_wconf 91' lang='lat' dir='ltr'>die</span> <span class='ocrx_word' id='word_1_283' title='bbox 422 2255 629 2291; x_wconf 87' lang='lat' dir='ltr'>Sicherheit</span> <span class='ocrx_word' id='word_1_284' title='bbox 666 2257 731 2291; x_wconf 90' lang='lat' dir='ltr'>der</span> <span class='ocrx_word' id='word_1_285' title='bbox 766 2255 970 2291; x_wconf 83' lang='lat' dir='ltr'>Nachricht</span> 
     </span>
     <span class='ocr_line' id='line_1_48' title="bbox 228 2302 970 2347; baseline 0.003 -11"><span class='ocrx_word' id='word_1_286' title='bbox 228 2314 272 2336; x_wconf 86' lang='lat' dir='ltr'>zu</span> <span class='ocrx_word' id='word_1_287' title='bbox 297 2302 537 2346; x_wconf 62' lang='lat' dir='ltr'>bezeichnen,</span> <span class='ocrx_word' id='word_1_288' title='bbox 563 2304 635 2347; x_wconf 84' lang='lat' dir='ltr'>vgl.</span> <span class='ocrx_word' id='word_1_289' title='bbox 664 2304 699 2346; x_wconf 81' lang='lat'>5,</span> <span class='ocrx_word' id='word_1_290' title='bbox 726 2307 780 2345; x_wconf 92' lang='lat'>21,</span> <span class='ocrx_word' id='word_1_291' title='bbox 808 2306 828 2336; x_wconf 90' lang='lat'>8</span> <span class='ocrx_word' id='word_1_292' title='bbox 854 2314 970 2338; x_wconf 85' lang='lat' dir='ltr'>vocem</span> 
     </span>
     <span class='ocr_line' id='line_1_49' title="bbox 226 2350 970 2393; baseline 0.003 -10"><span class='ocrx_word' id='word_1_293' title='bbox 226 2350 434 2393; x_wconf 75' lang='lat' dir='ltr'>haruspicis</span> <span class='ocrx_word' id='word_1_294' title='bbox 458 2351 626 2392; x_wconf 78' lang='lat' dir='ltr'>dicentis,</span> <span class='ocrx_word' id='word_1_295' title='bbox 655 2371 696 2375; x_wconf 91' lang='lat'>-</span> <span class='ocrx_word' id='word_1_296' title='bbox 724 2351 757 2385; x_wconf 86' lang='lat' dir='ltr'>ei</span> <span class='ocrx_word' id='word_1_297' title='bbox 781 2351 970 2385; x_wconf 75' lang='lat' dir='ltr'>victoriam</span> 
     </span>
     <span class='ocr_line' id='line_1_50' title="bbox 228 2396 324 2430; baseline 0 0"><span class='ocrx_word' id='word_1_298' title='bbox 228 2396 324 2430; x_wconf 77' lang='lat' dir='ltr'>(lari.</span> 
     </span>
    </p>

    <p class='ocr_par' dir='ltr' id='par_1_33' title="bbox 229 2444 968 2667">
     <span class='ocr_line' id='line_1_51' title="bbox 280 2444 968 2489; baseline 0.003 -12"><span class='ocrx_word' id='word_1_299' title='bbox 280 2448 332 2478; x_wconf 88' lang='lat'>11.</span> <span class='ocrx_word' id='word_1_300' title='bbox 358 2445 465 2488; x_wconf 74' lang='lat' dir='ltr'>siqua</span> <span class='ocrx_word' id='word_1_301' title='bbox 489 2444 599 2489; x_wconf 84' lang='lat' dir='ltr'>mota]</span> <span class='ocrx_word' id='word_1_302' title='bbox 622 2444 879 2488; x_wconf 86' lang='lat' dir='ltr'>Bezeichnung</span> <span class='ocrx_word' id='word_1_303' title='bbox 905 2445 968 2479; x_wconf 84' lang='lat' dir='ltr'>des</span> 
     </span>
     <span class='ocr_line' id='line_1_52' title="bbox 229 2490 968 2536; baseline 0.001 -12"><span class='ocrx_word' id='word_1_304' title='bbox 229 2491 458 2525; x_wconf 84' lang='lat' dir='ltr'>Aufbruches</span> <span class='ocrx_word' id='word_1_305' title='bbox 490 2491 554 2525; x_wconf 86' lang='lat' dir='ltr'>der</span> <span class='ocrx_word' id='word_1_306' title='bbox 580 2492 752 2536; x_wconf 87' lang='lat' dir='ltr'>Truppen</span> <span class='ocrx_word' id='word_1_307' title='bbox 779 2490 894 2525; x_wconf 84' lang='lat' dir='ltr'>selbst</span> <span class='ocrx_word' id='word_1_308' title='bbox 918 2492 968 2526; x_wconf 89' lang='lat' dir='ltr'>im</span> 
     </span>
     <span class='ocr_line' id='line_1_53' title="bbox 229 2537 968 2583; baseline 0.003 -12"><span class='ocrx_word' id='word_1_309' title='bbox 229 2537 437 2581; x_wconf 85' lang='lat' dir='ltr'>Gegensatz</span> <span class='ocrx_word' id='word_1_310' title='bbox 458 2549 519 2572; x_wconf 88' lang='lat' dir='ltr'>zur</span> <span class='ocrx_word' id='word_1_311' title='bbox 540 2539 705 2583; x_wconf 50' lang='lat' dir='ltr'>Bagagffl</span> <span class='ocrx_word' id='word_1_312' title='bbox 733 2538 791 2573; x_wconf 90' lang='lat' dir='ltr'>die</span> <span class='ocrx_word' id='word_1_313' title='bbox 817 2538 968 2573; x_wconf 88' lang='lat' dir='ltr'>letztere</span> 
     </span>
     <span class='ocr_line' id='line_1_54' title="bbox 229 2584 967 2630; baseline 0.003 -12"><span class='ocrx_word' id='word_1_314' title='bbox 229 2584 321 2628; x_wconf 86' lang='lat' dir='ltr'>geht</span> <span class='ocrx_word' id='word_1_315' title='bbox 347 2596 476 2628; x_wconf 84' lang='lat' dir='ltr'>voran,</span> <span class='ocrx_word' id='word_1_316' title='bbox 508 2598 569 2619; x_wconf 90' lang='lat' dir='ltr'>um</span> <span class='ocrx_word' id='word_1_317' title='bbox 602 2586 672 2620; x_wconf 92' lang='lat' dir='ltr'>den</span> <span class='ocrx_word' id='word_1_318' title='bbox 699 2586 872 2630; x_wconf 85' lang='lat' dir='ltr'>Truppen</span> <span class='ocrx_word' id='word_1_319' title='bbox 903 2586 967 2620; x_wconf 89' lang='lat' dir='ltr'>das</span> 
     </span>
     <span class='ocr_line' id='line_1_55' title="bbox 233 2632 885 2667; baseline -0.002 -1"><span class='ocrx_word' id='word_1_320' title='bbox 233 2632 444 2667; x_wconf 84' lang='lat' dir='ltr'>Umkehren</span> <span class='ocrx_word' id='word_1_321' title='bbox 470 2633 626 2667; x_wconf 82' lang='lat' dir='ltr'>leichter</span> <span class='ocrx_word' id='word_1_322' title='bbox 651 2645 693 2667; x_wconf 92' lang='lat' dir='ltr'>zu</span> <span class='ocrx_word' id='word_1_323' title='bbox 719 2634 885 2667; x_wconf 83' lang='lat' dir='ltr'>macheu.</span> 
     </span>
    </p>

    <p class='ocr_par' dir='ltr' id='par_1_34' title="bbox 230 2679 972 2959">
     <span class='ocr_line' id='line_1_56' title="bbox 277 2679 968 2725; baseline 0.001 -12"><span class='ocrx_word' id='word_1_324' title='bbox 277 2679 325 2724; x_wconf 87' lang='lat' dir='ltr'>et]</span> <span class='ocrx_word' id='word_1_325' title='bbox 353 2697 396 2708; x_wconf 91' lang='lat'><strong><em>=</em></strong></span> <span class='ocrx_word' id='word_1_326' title='bbox 422 2680 521 2715; x_wconf 89' lang='lat' dir='ltr'>aber.</span> <span class='ocrx_word' id='word_1_327' title='bbox 553 2679 620 2714; x_wconf 88' lang='lat' dir='ltr'>Die</span> <span class='ocrx_word' id='word_1_328' title='bbox 646 2679 860 2725; x_wconf 85' lang='lat' dir='ltr'>kopulative</span> <span class='ocrx_word' id='word_1_329' title='bbox 880 2679 968 2714; x_wconf 86' lang='lat' dir='ltr'>Ver—</span> 
     </span>
     <span class='ocr_line' id='line_1_57' title="bbox 230 2725 972 2771; baseline 0.003 -11"><span class='ocrx_word' id='word_1_330' title='bbox 230 2725 397 2771; x_wconf 87' lang='lat' dir='ltr'>bindung</span> <span class='ocrx_word' id='word_1_331' title='bbox 420 2727 504 2761; x_wconf 85' lang='lat' dir='ltr'>tritt</span> <span class='ocrx_word' id='word_1_332' title='bbox 528 2727 578 2761; x_wconf 88' lang='lat' dir='ltr'>im</span> <span class='ocrx_word' id='word_1_333' title='bbox 599 2726 855 2762; x_wconf 85' lang='lat' dir='ltr'>Lateinischen</span> <span class='ocrx_word' id='word_1_334' title='bbox 879 2728 972 2762; x_wconf 71' lang='lat' dir='ltr'>stati:</span> 
     </span>
     <span class='ocr_line' id='line_1_58' title="bbox 232 2772 968 2817; baseline 0.004 -11"><span class='ocrx_word' id='word_1_335' title='bbox 232 2772 297 2807; x_wconf 88' lang='lat' dir='ltr'>der</span> <span class='ocrx_word' id='word_1_336' title='bbox 317 2774 575 2809; x_wconf 85' lang='lat' dir='ltr'>adversativen</span> <span class='ocrx_word' id='word_1_337' title='bbox 595 2775 658 2809; x_wconf 84' lang='lat' dir='ltr'>des</span> <span class='ocrx_word' id='word_1_338' title='bbox 673 2774 883 2809; x_wconf 84' lang='lat' dir='ltr'>Deutsehen</span> <span class='ocrx_word' id='word_1_339' title='bbox 899 2773 968 2817; x_wconf 89' lang='lat' dir='ltr'>ein,</span> 
     </span>
     <span class='ocr_line' id='line_1_59' title="bbox 232 2819 969 2856; baseline 0.005 -4"><span class='ocrx_word' id='word_1_340' title='bbox 232 2819 355 2854; x_wconf 88' lang='lat' dir='ltr'>indem</span> <span class='ocrx_word' id='word_1_341' title='bbox 387 2821 489 2856; x_wconf 90' lang='lat' dir='ltr'>nicht</span> <span class='ocrx_word' id='word_1_342' title='bbox 521 2822 586 2856; x_wconf 83' lang='lat' dir='ltr'>das</span> <span class='ocrx_word' id='word_1_343' title='bbox 617 2822 871 2856; x_wconf 83' lang='lat' dir='ltr'>Unerwartete</span> <span class='ocrx_word' id='word_1_344' title='bbox 906 2821 969 2856; x_wconf 85' lang='lat' dir='ltr'>des</span> 
     </span>
     <span class='ocr_line' id='line_1_60' title="bbox 231 2866 969 2911; baseline 0.005 -12"><span class='ocrx_word' id='word_1_345' title='bbox 231 2866 426 2911; x_wconf 82' lang='lat' dir='ltr'>Vorgangs</span> <span class='ocrx_word' id='word_1_346' title='bbox 461 2869 606 2910; x_wconf 82' lang='lat' dir='ltr'>betont,</span> <span class='ocrx_word' id='word_1_347' title='bbox 645 2869 801 2903; x_wconf 84' lang='lat' dir='ltr'>sondern</span> <span class='ocrx_word' id='word_1_348' title='bbox 833 2880 901 2903; x_wconf 87' lang='lat' dir='ltr'>nur</span> <span class='ocrx_word' id='word_1_349' title='bbox 931 2868 969 2902; x_wconf 91' lang='lat' dir='ltr'>in</span> 
     </span>
     <span class='ocr_line' id='line_1_61' title="bbox 230 2913 969 2959; baseline 0.004 -13"><span class='ocrx_word' id='word_1_350' title='bbox 230 2913 296 2947; x_wconf 86' lang='lat' dir='ltr'>der</span> <span class='ocrx_word' id='word_1_351' title='bbox 310 2914 519 2959; x_wconf 68' lang='lat' dir='ltr'>Erzahlung</span> <span class='ocrx_word' id='word_1_352' title='bbox 535 2914 841 2959; x_wconf 84' lang='lat' dir='ltr'>fortgeschritten</span> <span class='ocrx_word' id='word_1_353' title='bbox 853 2915 969 2957; x_wconf 72' lang='lat' dir='ltr'>wird,</span> 
     </span>
    </p>
   </div>
   <div class='ocr_carea' id='block_1_30' title="bbox 1040 1783 1783 2579">
    <p class='ocr_par' dir='ltr' id='par_1_35' title="bbox 1041 1783 1781 1876">
     <span class='ocr_line' id='line_1_62' title="bbox 1041 1783 1781 1829; baseline 0 -10"><span class='ocrx_word' id='word_1_354' title='bbox 1041 1784 1231 1828; x_wconf 80' lang='lat' dir='ltr'>vg1.e.25‚</span> <span class='ocrx_word' id='word_1_355' title='bbox 1248 1788 1266 1818; x_wconf 93' lang='lat'>1</span> <span class='ocrx_word' id='word_1_356' title='bbox 1288 1787 1582 1829; x_wconf 80' lang='lat' dir='ltr'>evanesceretque.</span> <span class='ocrx_word' id='word_1_357' title='bbox 1615 1783 1746 1829; x_wconf 78' lang='lat' dir='ltr'>26,4o,</span> <span class='ocrx_word' id='word_1_358' title='bbox 1761 1788 1781 1818; x_wconf 88' lang='grc'>9</span> 
     </span>
     <span class='ocr_line' id='line_1_63' title="bbox 1041 1832 1240 1876; baseline -0.015 -8"><span class='ocrx_word' id='word_1_359' title='bbox 1041 1836 1146 1876; x_wconf 77' lang='lat' dir='ltr'>atque</span> <span class='ocrx_word' id='word_1_360' title='bbox 1170 1832 1240 1866; x_wconf 76' lang='lat' dir='ltr'>ille.</span> 
     </span>
    </p>

    <p class='ocr_par' dir='ltr' id='par_1_36' title="bbox 1040 1878 1783 2064">
     <span class='ocr_line' id='line_1_64' title="bbox 1091 1878 1669 1924; baseline 0.002 -12"><span class='ocrx_word' id='word_1_361' title='bbox 1091 1882 1143 1913; x_wconf 92' lang='lat'>12.</span> <span class='ocrx_word' id='word_1_362' title='bbox 1179 1879 1220 1913; x_wconf 83' lang='lat' dir='ltr'>in</span> <span class='ocrx_word' id='word_1_363' title='bbox 1252 1878 1373 1922; x_wconf 80' lang='lat' dir='ltr'>forum</span> <span class='ocrx_word' id='word_1_364' title='bbox 1406 1879 1456 1913; x_wconf 81' lang='lat' dir='ltr'>ad</span> <span class='ocrx_word' id='word_1_365' title='bbox 1489 1879 1669 1924; x_wconf 86' lang='lat' dir='ltr'>tribunal]</span> 
     </span>
     <span class='ocr_line' id='line_1_65' title="bbox 1041 1924 1783 1960; baseline 0.001 -1"><span class='ocrx_word' id='word_1_366' title='bbox 1041 1925 1108 1960; x_wconf 85' lang='lat' dir='ltr'>das</span> <span class='ocrx_word' id='word_1_367' title='bbox 1151 1926 1217 1960; x_wconf 86' lang='lat' dir='ltr'>auf</span> <span class='ocrx_word' id='word_1_368' title='bbox 1257 1926 1340 1960; x_wconf 93' lang='lat' dir='ltr'>dem</span> <span class='ocrx_word' id='word_1_369' title='bbox 1377 1925 1513 1960; x_wconf 85' lang='lat' dir='ltr'>Forum</span> <span class='ocrx_word' id='word_1_370' title='bbox 1560 1924 1783 1960; x_wconf 87' lang='lat' dir='ltr'>befindliche</span> 
     </span>
     <span class='ocr_line' id='line_1_66' title="bbox 1041 1973 1782 2018; baseline 0.001 -12"><span class='ocrx_word' id='word_1_371' title='bbox 1041 1973 1260 2015; x_wconf 88' lang='lat' dir='ltr'>Tribunal“;</span> <span class='ocrx_word' id='word_1_372' title='bbox 1285 1973 1359 2017; x_wconf 86' lang='lat' dir='ltr'>vgl.</span> <span class='ocrx_word' id='word_1_373' title='bbox 1380 1974 1415 2017; x_wconf 84' lang='lat'>5,</span> <span class='ocrx_word' id='word_1_374' title='bbox 1437 1976 1493 2016; x_wconf 82' lang='lat'>51,</span> <span class='ocrx_word' id='word_1_375' title='bbox 1513 1978 1532 2008; x_wconf 88' lang='lat'>9</span> <span class='ocrx_word' id='word_1_376' title='bbox 1554 1973 1782 2018; x_wconf 76' lang='lat' dir='ltr'>confuyimus</span> 
     </span>
     <span class='ocr_line' id='line_1_67' title="bbox 1040 2019 1516 2064; baseline 0 -10"><span class='ocrx_word' id='word_1_377' title='bbox 1040 2021 1081 2054; x_wconf 82' lang='lat' dir='ltr'>in</span> <span class='ocrx_word' id='word_1_378' title='bbox 1108 2019 1327 2064; x_wconf 79' lang='lat' dir='ltr'>Capitolium</span> <span class='ocrx_word' id='word_1_379' title='bbox 1352 2021 1401 2055; x_wconf 86' lang='lat' dir='ltr'>ad</span> <span class='ocrx_word' id='word_1_380' title='bbox 1426 2021 1516 2055; x_wconf 85' lang='lat' dir='ltr'>deos.</span> 
     </span>
    </p>

    <p class='ocr_par' dir='ltr' id='par_1_37' title="bbox 1041 2066 1783 2478">
     <span class='ocr_line' id='line_1_68' title="bbox 1089 2066 1780 2112; baseline 0 -11"><span class='ocrx_word' id='word_1_381' title='bbox 1089 2071 1129 2102; x_wconf 87' lang='lat' dir='ltr'>ut</span> <span class='ocrx_word' id='word_1_382' title='bbox 1139 2069 1235 2102; x_wconf 80' lang='lat' dir='ltr'>ultro</span> <span class='ocrx_word' id='word_1_383' title='bbox 1247 2068 1411 2102; x_wconf 79' lang='lat' dir='ltr'>territuri</span> <span class='ocrx_word' id='word_1_384' title='bbox 1422 2066 1780 2112; x_wconf 75' lang='lat' dir='ltr'>succlamationibus]</span> 
     </span>
     <span class='ocr_line' id='line_1_69' title="bbox 1041 2113 1782 2158; baseline -0.001 -10"><span class='ocrx_word' id='word_1_385' title='bbox 1041 2126 1128 2158; x_wconf 91' lang='lat' dir='ltr'>„um</span> <span class='ocrx_word' id='word_1_386' title='bbox 1154 2113 1355 2149; x_wconf 88' lang='lat' dir='ltr'>obendrein</span> <span class='ocrx_word' id='word_1_387' title='bbox 1386 2115 1449 2148; x_wconf 85' lang='lat' dir='ltr'>ihu</span> <span class='ocrx_word' id='word_1_388' title='bbox 1483 2114 1552 2149; x_wconf 90' lang='lat' dir='ltr'>mit</span> <span class='ocrx_word' id='word_1_389' title='bbox 1577 2113 1782 2148; x_wconf 86' lang='lat' dir='ltr'>Zwischen-</span> 
     </span>
     <span class='ocr_line' id='line_1_70' title="bbox 1042 2160 1783 2203; baseline -0.001 -8"><span class='ocrx_word' id='word_1_390' title='bbox 1042 2161 1147 2196; x_wconf 89' lang='lat' dir='ltr'>rufen</span> <span class='ocrx_word' id='word_1_391' title='bbox 1167 2161 1530 2203; x_wconf 74' lang='lat' dir='ltr'>einzuschiichtern“,</span> <span class='ocrx_word' id='word_1_392' title='bbox 1557 2162 1651 2195; x_wconf 85' lang='lat' dir='ltr'>statt</span> <span class='ocrx_word' id='word_1_393' title='bbox 1669 2160 1783 2195; x_wconf 81' lang='lat' dir='ltr'>selbst</span> 
     </span>
     <span class='ocr_line' id='line_1_71' title="bbox 1041 2207 1778 2252; baseline -0.001 -10"><span class='ocrx_word' id='word_1_394' title='bbox 1041 2208 1256 2252; x_wconf 82' lang='lat' dir='ltr'>gescholten</span> <span class='ocrx_word' id='word_1_395' title='bbox 1277 2208 1353 2242; x_wconf 91' lang='lat' dir='ltr'>und</span> <span class='ocrx_word' id='word_1_396' title='bbox 1379 2207 1535 2242; x_wconf 85' lang='lat' dir='ltr'>bestraft</span> <span class='ocrx_word' id='word_1_397' title='bbox 1560 2220 1603 2242; x_wconf 87' lang='lat' dir='ltr'>zu</span> <span class='ocrx_word' id='word_1_398' title='bbox 1623 2207 1778 2242; x_wconf 86' lang='lat' dir='ltr'>werden.</span> 
     </span>
     <span class='ocr_line' id='line_1_72' title="bbox 1041 2254 1781 2290; baseline -0.001 -1"><span class='ocrx_word' id='word_1_399' title='bbox 1041 2258 1082 2289; x_wconf 87' lang='lat' dir='ltr'>ut</span> <span class='ocrx_word' id='word_1_400' title='bbox 1113 2255 1172 2290; x_wconf 91' lang='lat' dir='ltr'>bei</span> <span class='ocrx_word' id='word_1_401' title='bbox 1203 2255 1287 2289; x_wconf 91' lang='lat' dir='ltr'>dem</span> <span class='ocrx_word' id='word_1_402' title='bbox 1318 2256 1398 2289; x_wconf 89' lang='lat' dir='ltr'>eine</span> <span class='ocrx_word' id='word_1_403' title='bbox 1431 2254 1587 2289; x_wconf 82' lang='lat' dir='ltr'>Absicht</span> <span class='ocrx_word' id='word_1_404' title='bbox 1617 2254 1781 2289; x_wconf 86' lang='lat' dir='ltr'>bezeich-</span> 
     </span>
     <span class='ocr_line' id='line_1_73' title="bbox 1042 2301 1783 2344; baseline 0 -8"><span class='ocrx_word' id='word_1_405' title='bbox 1042 2302 1184 2337; x_wconf 90' lang='lat' dir='ltr'>nenden</span> <span class='ocrx_word' id='word_1_406' title='bbox 1206 2301 1303 2337; x_wconf 86' lang='lat' dir='ltr'>Part.</span> <span class='ocrx_word' id='word_1_407' title='bbox 1318 2301 1400 2336; x_wconf 86' lang='lat' dir='ltr'>Fut.</span> <span class='ocrx_word' id='word_1_408' title='bbox 1426 2302 1486 2344; x_wconf 82' lang='lat'>35,</span> <span class='ocrx_word' id='word_1_409' title='bbox 1502 2306 1556 2344; x_wconf 86' lang='lat'>50,</span> <span class='ocrx_word' id='word_1_410' title='bbox 1576 2306 1616 2336; x_wconf 91' lang='lat'>11</span> <span class='ocrx_word' id='word_1_411' title='bbox 1639 2305 1680 2335; x_wconf 87' lang='lat' dir='ltr'>ut</span> <span class='ocrx_word' id='word_1_412' title='bbox 1698 2301 1783 2336; x_wconf 80' lang='lat' dir='ltr'>inde</span> 
     </span>
     <span class='ocr_line' id='line_1_74' title="bbox 1042 2344 1781 2393; baseline -0.001 -10"><span class='ocrx_word' id='word_1_413' title='bbox 1042 2350 1082 2383; x_wconf 85' lang='lat' dir='ltr'>in</span> <span class='ocrx_word' id='word_1_414' title='bbox 1102 2349 1288 2384; x_wconf 83' lang='lat' dir='ltr'>Euboeam</span> <span class='ocrx_word' id='word_1_415' title='bbox 1311 2350 1593 2383; x_wconf 81' lang='lat' dir='ltr'>transmissurus</span> <span class='ocrx_word' id='word_1_416' title='bbox 1613 2347 1702 2393; x_wconf 88' lang='lat' dir='ltr'>(vgl.</span> <span class='ocrx_word' id='word_1_417' title='bbox 1718 2344 1781 2392; x_wconf 77' lang='grc' dir='ltr'>ὡς)</span> 
     </span>
     <span class='ocr_line' id='line_1_75' title="bbox 1042 2395 1781 2439; baseline -0.001 -9"><span class='ocrx_word' id='word_1_418' title='bbox 1042 2397 1091 2430; x_wconf 80' lang='lat' dir='ltr'>ist</span> <span class='ocrx_word' id='word_1_419' title='bbox 1115 2395 1218 2430; x_wconf 90' lang='lat' dir='ltr'>nicht</span> <span class='ocrx_word' id='word_1_420' title='bbox 1243 2395 1543 2430; x_wconf 86' lang='lat' dir='ltr'>ciceronianiscb.</span> <span class='ocrx_word' id='word_1_421' title='bbox 1583 2396 1650 2439; x_wconf 84' lang='lat'>31,</span> <span class='ocrx_word' id='word_1_422' title='bbox 1677 2398 1733 2438; x_wconf 84' lang='lat'>42,</span> <span class='ocrx_word' id='word_1_423' title='bbox 1761 2399 1781 2430; x_wconf 87' lang='lat'>5</span> 
     </span>
     <span class='ocr_line' id='line_1_76' title="bbox 1041 2453 1134 2478; baseline 0 -1"><span class='ocrx_word' id='word_1_424' title='bbox 1041 2455 1076 2478; x_wconf 92' lang='lat' dir='ltr'>u.</span> <span class='ocrx_word' id='word_1_425' title='bbox 1103 2453 1134 2477; x_wconf 93' lang='lat'>0.</span> 
     </span>
    </p>

    <p class='ocr_par' dir='ltr' id='par_1_38' title="bbox 1040 2490 1781 2579">
     <span class='ocr_line' id='line_1_77' title="bbox 1086 2490 1450 2535; baseline 0 -11"><span class='ocrx_word' id='word_1_426' title='bbox 1086 2490 1450 2535; x_wconf 75' lang='lat' dir='ltr'>succlamationibus]</span> 
     </span>
     <span class='ocr_line' id='line_1_78' title="bbox 1040 2536 1781 2579; baseline -0.001 -8"><span class='ocrx_word' id='word_1_427' title='bbox 1040 2537 1253 2572; x_wconf 69' lang='lat' dir='ltr'>liirmenden</span> <span class='ocrx_word' id='word_1_428' title='bbox 1286 2537 1599 2579; x_wconf 83' lang='lat' dir='ltr'>Zwischenrufen,</span> <span class='ocrx_word' id='word_1_429' title='bbox 1634 2536 1694 2570; x_wconf 86' lang='lat' dir='ltr'>die</span> <span class='ocrx_word' id='word_1_430' title='bbox 1726 2536 1781 2570; x_wconf 76' lang='lat' dir='ltr'>oft</span> 
     </span>
    </p>
   </div>
   <div class='ocr_carea' id='block_1_31' title="bbox 1707 1889 1783 1922">
    <p class='ocr_par' dir='ltr' id='par_1_39' title="bbox 1707 1889 1783 1922">
     <span class='ocr_line' id='line_1_79' title="bbox 1707 1889 1783 1922; baseline 0 -10"><span class='ocrx_word' id='word_1_431' title='bbox 1707 1889 1783 1922; x_wconf 78' lang='lat' dir='ltr'>„an</span> 
     </span>
    </p>
   </div>
   <div class='ocr_carea' id='block_1_32' title="bbox 1506 2489 1781 2525">
    <p class='ocr_par' dir='ltr' id='par_1_40' title="bbox 1506 2489 1781 2525">
     <span class='ocr_line' id='line_1_80' title="bbox 1506 2489 1781 2525; baseline -0.007 0"><span class='ocrx_word' id='word_1_432' title='bbox 1506 2490 1583 2525; x_wconf 88' lang='lat' dir='ltr'>steh</span> <span class='ocrx_word' id='word_1_433' title='bbox 1589 2489 1659 2524; x_wconf 88' lang='lat' dir='ltr'>end</span> <span class='ocrx_word' id='word_1_434' title='bbox 1707 2500 1781 2524; x_wconf 88' lang='lat' dir='ltr'>von</span> 
     </span>
    </p>
   </div>
   <div class='ocr_carea' id='block_1_33' title="bbox 1022 2583 1780 2629">
    <p class='ocr_par' dir='ltr' id='par_1_41' title="bbox 1022 2583 1780 2629">
     <span class='ocr_line' id='line_1_81' title="bbox 1022 2583 1780 2629; baseline -0.003 -11"><span class='ocrx_word' id='word_1_435' title='bbox 1022 2599 1025 2602; x_wconf 55' lang='lat'><strong>⁴</strong></span> <span class='ocrx_word' id='word_1_436' title='bbox 1041 2584 1100 2619; x_wconf 92' lang='lat' dir='ltr'>die</span> <span class='ocrx_word' id='word_1_437' title='bbox 1114 2584 1272 2619; x_wconf 83' lang='lat' dir='ltr'>Absicht</span> <span class='ocrx_word' id='word_1_438' title='bbox 1290 2584 1491 2629; x_wconf 85' lang='lat' dir='ltr'>verfolgen,</span> <span class='ocrx_word' id='word_1_439' title='bbox 1512 2584 1618 2618; x_wconf 90' lang='lat' dir='ltr'>einen</span> <span class='ocrx_word' id='word_1_440' title='bbox 1636 2583 1780 2617; x_wconf 88' lang='lat' dir='ltr'>Redner</span> 
     </span>
    </p>
   </div>
   <div class='ocr_carea' id='block_1_34' title="bbox 1041 2631 1780 2958">
    <p class='ocr_par' dir='ltr' id='par_1_42' title="bbox 1041 2631 1780 2958">
     <span class='ocr_line' id='line_1_82' title="bbox 1042 2631 1780 2676; baseline 0 -12"><span class='ocrx_word' id='word_1_441' title='bbox 1042 2643 1085 2665; x_wconf 91' lang='lat' dir='ltr'>zu</span> <span class='ocrx_word' id='word_1_442' title='bbox 1111 2635 1251 2674; x_wconf 65' lang='lat' dir='ltr'>storem</span> <span class='ocrx_word' id='word_1_443' title='bbox 1278 2632 1351 2676; x_wconf 86' lang='lat' dir='ltr'>vgl.</span> <span class='ocrx_word' id='word_1_444' title='bbox 1377 2631 1438 2674; x_wconf 82' lang='lat'>40,</span> <span class='ocrx_word' id='word_1_445' title='bbox 1462 2635 1517 2674; x_wconf 84' lang='lat'>36,</span> <span class='ocrx_word' id='word_1_446' title='bbox 1537 2635 1559 2664; x_wconf 85' lang='lat'>4</span> <span class='ocrx_word' id='word_1_447' title='bbox 1584 2631 1780 2665; x_wconf 84' lang='lat' dir='ltr'>succlama—</span> 
     </span>
     <span class='ocr_line' id='line_1_83' title="bbox 1042 2678 1779 2723; baseline -0.003 -10"><span class='ocrx_word' id='word_1_448' title='bbox 1042 2679 1202 2713; x_wconf 78' lang='lat' dir='ltr'>tionibus</span> <span class='ocrx_word' id='word_1_449' title='bbox 1221 2680 1321 2723; x_wconf 74' lang='lat' dir='ltr'>apud</span> <span class='ocrx_word' id='word_1_450' title='bbox 1340 2680 1603 2713; x_wconf 73' lang='lat' dir='ltr'>contionantem</span> <span class='ocrx_word' id='word_1_451' title='bbox 1627 2678 1779 2721; x_wconf 79' lang='lat' dir='ltr'>impera—</span> 
     </span>
     <span class='ocr_line' id='line_1_84' title="bbox 1042 2724 1779 2770; baseline -0.003 -10"><span class='ocrx_word' id='word_1_452' title='bbox 1042 2730 1151 2760; x_wconf 79' lang='lat' dir='ltr'>torem</span> <span class='ocrx_word' id='word_1_453' title='bbox 1175 2727 1394 2770; x_wconf 61' lang='lat' dir='ltr'>significant.</span> <span class='ocrx_word' id='word_1_454' title='bbox 1429 2725 1488 2768; x_wconf 78' lang='lat'>42,</span> <span class='ocrx_word' id='word_1_455' title='bbox 1515 2728 1571 2764; x_wconf 86' lang='lat'>28,</span> <span class='ocrx_word' id='word_1_456' title='bbox 1597 2729 1617 2759; x_wconf 92' lang='grc'><strong>3</strong></span> <span class='ocrx_word' id='word_1_457' title='bbox 1643 2724 1779 2758; x_wconf 82' lang='lat' dir='ltr'>succla-</span> 
     </span>
     <span class='ocr_line' id='line_1_85' title="bbox 1042 2771 1778 2818; baseline -0.003 -11"><span class='ocrx_word' id='word_1_458' title='bbox 1042 2774 1215 2808; x_wconf 83' lang='lat' dir='ltr'>mationes</span> <span class='ocrx_word' id='word_1_459' title='bbox 1244 2774 1442 2818; x_wconf 75' lang='lat' dir='ltr'>frequentes</span> <span class='ocrx_word' id='word_1_460' title='bbox 1472 2775 1584 2807; x_wconf 83' lang='lat' dir='ltr'>erant.</span> <span class='ocrx_word' id='word_1_461' title='bbox 1635 2771 1778 2805; x_wconf 86' lang='lat' dir='ltr'>Ebenso</span> 
     </span>
     <span class='ocr_line' id='line_1_86' title="bbox 1042 2819 1777 2860; baseline -0.003 -5"><span class='ocrx_word' id='word_1_462' title='bbox 1042 2821 1107 2855; x_wconf 86' lang='lat' dir='ltr'>das</span> <span class='ocrx_word' id='word_1_463' title='bbox 1134 2819 1297 2854; x_wconf 88' lang='lat' dir='ltr'>Verbum</span> <span class='ocrx_word' id='word_1_464' title='bbox 1321 2820 1541 2854; x_wconf 84' lang='lat' dir='ltr'>succlamare</span> <span class='ocrx_word' id='word_1_465' title='bbox 1566 2819 1606 2860; x_wconf 81' lang='lat'>3,</span> <span class='ocrx_word' id='word_1_466' title='bbox 1634 2821 1695 2860; x_wconf 89' lang='lat'>50,</span> <span class='ocrx_word' id='word_1_467' title='bbox 1725 2822 1777 2853; x_wconf 92' lang='lat'>10.</span> 
     </span>
     <span class='ocr_line' id='line_1_87' title="bbox 1041 2865 1778 2910; baseline -0.004 -8"><span class='ocrx_word' id='word_1_468' title='bbox 1041 2868 1075 2910; x_wconf 83' lang='grc'>6,</span> <span class='ocrx_word' id='word_1_469' title='bbox 1097 2871 1153 2910; x_wconf 87' lang='lat'>40,</span> <span class='ocrx_word' id='word_1_470' title='bbox 1176 2871 1219 2901; x_wconf 91' lang='lat'>10</span> <span class='ocrx_word' id='word_1_471' title='bbox 1236 2879 1268 2901; x_wconf 87' lang='lat' dir='ltr'>u.</span> <span class='ocrx_word' id='word_1_472' title='bbox 1294 2870 1346 2900; x_wconf 87' lang='lat'>12.</span> <span class='ocrx_word' id='word_1_473' title='bbox 1369 2867 1426 2905; x_wconf 89' lang='lat'>10,</span> <span class='ocrx_word' id='word_1_474' title='bbox 1447 2869 1503 2908; x_wconf 84' lang='lat'>25,</span> <span class='ocrx_word' id='word_1_475' title='bbox 1524 2870 1553 2900; x_wconf 75' lang='grc' dir='ltr'>τ,</span> <span class='ocrx_word' id='word_1_476' title='bbox 1576 2865 1778 2908; x_wconf 76' lang='lat'>21,18,14.</span> 
     </span>
     <span class='ocr_line' id='line_1_88' title="bbox 1042 2911 1758 2958; baseline -0.004 -9"><span class='ocrx_word' id='word_1_477' title='bbox 1042 2914 1178 2958; x_wconf 75' lang='lat'>26‚3,6</span> <span class='ocrx_word' id='word_1_478' title='bbox 1193 2916 1337 2957; x_wconf 82' lang='lat' dir='ltr'>u.22,8.</span> <span class='ocrx_word' id='word_1_479' title='bbox 1359 2912 1553 2957; x_wconf 79' lang='lat'>30,4-2,20.</span> <span class='ocrx_word' id='word_1_480' title='bbox 1575 2911 1702 2956; x_wconf 80' lang='lat'>44‚45‚</span> <span class='ocrx_word' id='word_1_481' title='bbox 1718 2916 1758 2946; x_wconf 89' lang='lat'>11</span> 
     </span>
    </p>
   </div>
  </div>
 </body>
</html>
