1953 3278
147 463 186 493 10
212 454 368 494 tiorum
403 452 590 493 castella.

146 872 187 902 12
213 865 302 903 tam
336 863 598 917 longinquae
629 864 874 917 provinciae
906 879 991 906 non
1023 866 1150 906 venit.

141 1403 183 1432 14

141 1462 182 1492 15

139 1761 182 1791 16

218 170 300 211 102

721 170 864 205 LIBER
890 170 1054 206 XXVIII.
1105 171 1206 207 CAP.
1233 176 1287 207 44.

1618 192 1643 208 ει.
1666 191 1692 208 u.
1713 185 1775 209 549.

212 292 379 332 parem,
411 270 534 332 quen']
569 277 661 330 das,
700 276 1007 331 Hannibalem,
1047 278 1119 319 sed
1151 278 1271 319 illum
1304 293 1382 334 ego
1414 281 1557 334 potius
1590 281 1772 335 traham,

214 351 341 390 quam
374 336 444 376 ille
477 349 543 376 me
575 335 774 389 retineat3
812 336 858 376 in
897 351 975 377 sua
1005 339 1120 377 terra
1159 351 1310 391 cogam
1347 352 1540 393 pugnare
1574 354 1690 393 eum,
1730 343 1771 381 et

214 394 432 448 Carthago
465 393 607 446 potius
639 395 878 447 praemium
905 394 1108 436 victoriae
1134 395 1226 449 erit,
1258 410 1383 449 quam
1412 399 1616 440 semiruta
1645 398 1771 439 Brut-

653 467 706 493 ne
745 452 846 507 quid
884 454 1073 506 interim,
1113 453 1213 495 dum
1252 454 1424 508 traicio,
1463 457 1561 497 dum
1602 471 1769 511 expono

213 510 446 552 exercitum
484 510 528 551 in
567 511 730 565 Africa,
770 511 867 552 dum
908 515 1049 554 castra
1087 512 1140 554 ad
1180 512 1485 567 Carthaginem
1522 529 1770 569 promoveo,

212 584 277 610 res
309 569 480 622 publica
506 569 574 611 hic
601 570 846 611 detrimenti
872 571 1026 625 capiat,
1059 571 1171 625 quod
1196 574 1256 625 tu,
1289 571 1336 621 Q.
1357 571 1475 626 Fabi,
1508 587 1602 614 cum
1629 575 1767 616 victor

147 639 183 668 11
212 630 306 669 tota
337 627 537 669 volitaret
569 627 696 670 Italia
728 628 965 684 Hannibal,
997 631 1177 684 potuisti
1209 633 1443 684 praestare,
1475 631 1556 672 hoc
1588 632 1683 674 vide
1716 648 1768 674 ne

213 687 568 729 contumeliosum
614 688 671 729 sit
715 702 922 730 concusso
970 689 1056 730 iam
1102 693 1144 730 et
1181 704 1314 742 paene
1352 689 1488 730 fracto
1526 689 1771 732 Hannibale

213 758 370 799 negare
402 760 528 799 posse
561 745 606 787 P.
638 746 849 788 Licinium
885 748 1117 801 consulem,
1155 749 1291 789 virum
1324 748 1622 802 fortissimum,
1652 763 1771 803 prae-

215 806 339 857 stare,
372 804 456 858 qui,
488 819 539 845 110
573 820 596 845 a
631 806 761 846 sacris
795 806 908 847 absit
938 806 1131 859 pontifex
1164 807 1388 860 maximus,
1419 807 1514 848 ideo
1541 808 1584 848 in
1610 810 1770 850 sortem

1214 866 1249 906 si
1286 866 1479 907 hercules
1518 866 1653 908 nihilo
1687 881 1772 908 ma-

214 922 350 962 turius
382 921 481 975 hoc,
521 936 602 976 quo
637 936 716 977 ego
751 937 919 977 censeo,
955 923 1082 965 modo
1114 924 1384 977 perficeretur
1416 925 1594 978 bellum,
1627 928 1771 966 tamen

213 980 265 1020 ad
298 980 553 1034 dignitatem
587 982 734 1035 populi
760 981 948 1023 Romani
979 982 1225 1037 famamque
1252 983 1363 1036 apud
1390 997 1510 1038 reges
1538 987 1771 1039 gentesque

213 1042 409 1080 externas
449 1040 707 1093 pertinebat,
746 1055 833 1081 non
873 1041 926 1081 ad
964 1040 1272 1082 defendendam
1311 1041 1437 1082 modo
1471 1042 1660 1096 Italiam,
1700 1043 1770 1084 sed

213 1098 264 1138 ad
302 1098 526 1139 inferenda
565 1099 695 1140 etiam
735 1099 906 1140 Africae
946 1114 1065 1140 arma
1103 1099 1236 1141 videri
1274 1100 1399 1140 nobis
1438 1100 1627 1141 animum
1669 1115 1773 1155 esse,

141 1167 182 1197 13
209 1171 286 1198 nec
320 1157 401 1198 hoc
435 1157 548 1198 credi
582 1158 854 1212 vulgarique,
887 1158 999 1213 quod
1033 1157 1253 1200 Hannibal
1288 1173 1416 1200 ausus
1451 1159 1526 1213 sit,
1558 1159 1772 1201 neminem

210 1215 357 1257 ducem
396 1215 638 1257 Romanum
678 1217 849 1271 audere,
889 1220 931 1258 et
968 1218 1109 1271 priore
1149 1217 1311 1259 Punico
1350 1217 1483 1272 bello,
1520 1220 1630 1272 tum,
1677 1232 1772 1259 cum

211 1275 260 1315 dc
289 1274 431 1316 Sicilia
465 1278 709 1330 certaretur,
740 1276 898 1317 totiens
927 1276 1117 1318 Africam
1151 1276 1204 1318 ab
1237 1277 1395 1318 nostris
1430 1277 1768 1331 exercitibusque

210 1337 251 1374 et
277 1334 486 1375 classibus
514 1337 822 1389 oppugnatam,
848 1350 973 1388 nunc,
1000 1349 1094 1376 cum
1121 1335 1171 1376 de
1197 1335 1326 1376 Italia
1354 1339 1550 1388 certetur,
1578 1336 1769 1377 Africam

210 1395 407 1446 pacatam
455 1407 557 1434 0880.

633 1394 872 1448 requiescat
918 1394 1149 1448 aliquando
1195 1397 1349 1434 vexata
1386 1397 1476 1435 tam
1520 1394 1591 1435 diu
1629 1394 1770 1448 Italia,
1812 1442 1814 1444 ¹

210 1454 357 1492 uratur
395 1454 692 1507 evasteturque
733 1453 777 1493 in
814 1453 949 1494 vicem
989 1453 1153 1506 Africa,
1198 1456 1339 1494 castra
1383 1452 1581 1494 Romana
1624 1454 1766 1508 potius

211 1509 486 1565 Carthaginis
513 1511 649 1565 portis
675 1512 941 1566 immineant,
969 1527 1096 1566 quam
1124 1526 1203 1552 nos
1224 1512 1379 1553 iterum
1399 1512 1560 1553 vallum
1579 1512 1769 1554 hostium

209 1583 259 1610 ex
297 1569 522 1611 moenibus
561 1571 722 1611 nostris
762 1570 998 1624 videamus,
1038 1570 1184 1612 Africa
1223 1571 1281 1611 sit
1313 1571 1465 1625 reliqui
1504 1571 1605 1612 belli
1639 1570 1773 1624 sedes,

207 1628 307 1669 illuc
340 1631 479 1669 terror
503 1629 703 1683 fugaque,
736 1630 957 1684 populatio
986 1644 1200 1685 agrorum,
1234 1629 1413 1671 defectio
1448 1630 1673 1683 sociorum,
1706 1644 1769 1671 00-

208 1690 325 1728 terae
364 1687 465 1728 belli
504 1688 663 1741 clades,
703 1702 810 1742 quae
848 1688 894 1729 in
932 1703 1010 1731 1108
1051 1703 1126 1743 per
1165 1688 1506 1743 quattuordecim
1540 1702 1674 1730 annos
1707 1688 1771 1729 in-

211 1749 427 1800 gruerunt,
454 1749 687 1788 vertantur.
733 1761 841 1801 quae
863 1748 914 1788 ad
936 1762 1025 1789 rem
1045 1748 1263 1802 publicam
1289 1747 1507 1801 pertinent
1527 1750 1569 1788 et
1594 1747 1769 1801 bellum,

207 1861 246 1884 01·
267 1850 478 1884 (1011180111οΠ
493 1851 730 1893 gewachsem
752 1852 825 1895 vgl.
841 1863 868 1885 c.
883 1856 914 1895 2,
932 1855 952 1885 8

207 1898 302 1931 'velut
316 1908 395 1932 cum
413 1898 568 1941 paribus
582 1908 761 1933 conserere
778 1910 951 1942 pitanam.

256 1948 309 1978 10.
348 1955 487 1989 eatpono
527 1965 568 1969 —-
608 1945 647 1979 in
686 1946 836 1990 Africa]
876 1946 951 1990 vgl.

207 1991 276 2025 mit
300 1992 382 2025 den]
405 1992 554 2026 Ablativ
581 1992 640 2027 bei
660 1992 737 2027 Liv.
760 1992 820 2035 26,
838 1997 892 2036 19,
911 1997 950 2026 11

207 2038 397 2082 Emporiis
422 2040 546 2083 copias
566 2041 740 2083 esposuit.
769 2039 829 2081 24,
851 2044 906 2083 36,
930 2044 948 2074 5

207 2087 370 2129 exposita
413 2086 608 2121 Panormi:
649 2087 743 2121 (10011
783 2089 875 2121 stets
913 2088 953 2121 in

208 2137 358 2172 terram,
400 2134 437 2166 in
477 2134 562 2167 litus
601 2145 774 2177 exponere
811 2135 950 2169 milites.

207 2178 273 2222 24,
301 2184 362 2222 40,
391 2184 422 2214 9.
455 2179 519 2222 28,
547 2184 608 2221 36,
636 2185 668 2214 4.
707 2181 950 2223 29,27,13;

207 2227 260 2260 ibi
285 2227 344 2269 21,
373 2230 427 2269 60,
456 2232 486 2262 2.

254 2275 368 2308 victor
394 2295 436 2298 —
463 2274 646 2319 volitaret]
674 2274 732 2309 die
758 2275 952 2319 Metapher

207 2321 270 2355 des
289 2320 460 2366 Fliegens
480 2321 537 2355 fiir
558 2322 720 2356 8011110110
740 2322 951 2366 ssewegung

207 2367 256 2402 ist
287 2368 370 2402 sehr
407 2368 690 2411 gebrauchlich3
728 2368 850 2403 ausser
885 2370 953 2403 mit

206 2415 327 2449 volare
353 2416 428 2449 und
455 2415 580 2449 scincn
608 2414 830 2459 Compositis
857 2416 951 2451 auch

207 2461 277 2496 mit
304 2462 386 2496 dem
413 2462 641 2497 Intensivnm
673 2463 839 2505 volitare,
877 2464 953 2507 vgl.

207 2508 248 2551 3,
281 2513 342 2552 35,
371 2514 390 2543 5
424 2511 499 2553 ipse
531 2511 570 2543 in
602 2510 681 2552 foro
714 2511 872 2545 volitare.
918 2510 952 2553 4,

210 2560 264 2599 19,
280 2560 299 2590 2
322 2557 528 2591 volitantem
548 2560 622 2591 tota
643 2557 728 2592 acie.
761 2557 821 2600 39,
837 2562 892 2599 32,
910 2562 953 2592 10

207 2604 332 2637 consul
363 2607 434 2638 toto
465 2605 545 2646 foro
573 2625 612 2628 -
642 2604 827 2639 volitando
856 2616 889 2638 u.
918 2604 951 2638 d.

208 2651 302 2685 Anh.

259 2701 311 2732 11.
339 2708 508 2732 concusso
528 2698 602 2732 iam
622 2701 652 2731 et
675 2709 791 2741 paene
815 2698 951 2744 fracto]

212 2755 282 2778 von
304 2745 368 2779 der
382 2744 509 2779 Macht
529 2745 594 2779 auf
617 2745 676 2779 die
690 2745 827 2780 Person
847 2746 952 2780 fiber-

208 2796 337 2835 tragcn
348 2807 356 2833 ς
366 2792 438 2835 vgl.
449 2792 508 2834 22,
518 2796 573 2832 34,
584 2796 603 2825 2
615 2793 763 2835 imperio
772 2802 951 2827 concusso.

210 2858 253 2862 —
277 2839 326 2871 Zu
352 2841 484 2883 l'ranyo
511 2840 664 2883 aliquem
693 2856 735 2867 =
759 2840 953 2884 jemandes

210 2885 319 2919 Kraft
339 2885 497 2920 brechen
525 2886 598 2930 vgl.
618 2886 685 2929 39,
706 2890 768 2929 40,
792 2890 831 2920 11
853 2897 954 2930 quem

207 2943 252 2966 oze
271 2936 428 2965 senectus
448 2933 586 2975 quidem
611 2953 651 2957 -
672 2933 836 2977 freyerit,
859 2934 953 2968 doch

1025 1852 1195 1895 franyere
1243 1852 1436 1886 animum
1482 1868 1525 1880 =
1566 1851 1652 1895 jem.
1705 1861 1770 1885 er-

1027 1898 1242 1933 weichen.

1074 1947 1113 1979 in
1145 1949 1273 1980 sortem
1301 1966 1343 1970 —-
1370 1956 1445 1980 11011
1475 1945 1587 1990 venit]
1621 1949 1771 1989 person-

1027 1992 1119 2027 lich:
1141 2003 1179 2026 01·
1197 1992 1341 2027 kommt
1355 1993 1458 2027 nicht
1473 2005 1534 2026 zur
1549 1992 1768 2037 Verlosung,

1026 2040 1161 2074 nimmt
1182 2040 1287 2074 nicht
1306 2051 1352 2074 an
1379 2040 1570 2074 derselben
1591 2039 1675 2082 teil;
1702 2051 1771 2073 nur

1027 2087 1116 2121 hier.

1077 2138 1128 2168 12.
1156 2135 1205 2168 acl
1229 2135 1366 2176 famam
1394 2155 1433 2158 —
1457 2133 1679 2178 pertinebat]
1706 2143 1770 2175 „es

1026 2181 1117 2225 ging
1149 2181 1218 2215 den
1250 2180 1327 2214 Ruf
1354 2191 1417 2223 an,
1457 2181 1522 2214 der
1553 2179 1628 2214 Rus
1657 2180 1769 2214 erfor—

1025 2229 1168 2270 dertc⁴‘;
1186 2227 1415 2271 haufigauch
1428 2228 1576 2269 adtinet,
1593 2227 1665 2271 vgl.
1680 2230 1698 2268 ξ
1716 2231 1770 2261 17.

1075 2280 1126 2309 13.
1161 2276 1282 2309 (lucem
1318 2274 1541 2319 Romanum]
1576 2273 1653 2307 Liv.
1686 2277 1771 2318 sagt

1026 2333 1122 2356 zwar
1154 2322 1232 2355 (Iuoe
1266 2322 1469 2356 Poenorum
1506 2320 1582 2355 und
1617 2320 1770 2356 Cartha-

1025 2369 1256 2412 gsz'm'ensium,
1285 2368 1374 2402 aber
1393 2380 1462 2402 nur
1481 2369 1560 2402 dam
1580 2368 1770 2403 Romanus

1027 2427 1056 2450 0.
1075 2420 1129 2460 17,
1145 2420 1175 2450 8.
1204 2426 1235 2449 c.
1254 2418 1307 2458 18,
1326 2420 1384 2457 103
1412 2415 1546 2450 ebenso
1573 2417 1770 2459 imperator

1027 2463 1101 2497 und
1128 2464 1253 2497 consul
1279 2462 1478 2497 Romanus.

1074 2509 1240 2552 Africam
1287 2530 1329 2534 —
1374 2509 1637 2554 oppugnatam]
1682 2519 1769 2551 „an-

1026 2556 1246 2601 gegriffen“;
1274 2557 1347 2601 vgl.
1369 2567 1397 2591 0.
1420 2560 1475 2600 41,
1497 2561 1516 2590 3
1538 2557 1692 2590 Italiam
1711 2555 1769 2590 ob-

1025 2604 1152 2639 sideat.

1076 2655 1128 2685 14.
1150 2650 1341 2695 evastetur]
1358 2651 1432 2695 vgl.
1448 2661 1474 2684 0.
1493 2654 1526 2693 5,
1542 2653 1583 2684 15
1601 2650 1770 2685 evastatis

1026 2710 1059 2732 u.
1087 2702 1105 2739 ξ
1132 2702 1152 2732 2
1179 2698 1240 2732 uri
1266 2701 1298 2732 et
1323 2698 1479 2732 accindi.

1077 2749 1129 2779 15.
1168 2745 1401 2789 ingruerunt]
1445 2743 1534 2778 wird
1574 2745 1664 2777 stete
1701 2743 1770 2776 mit

1027 2793 1096 2826 den
1124 2791 1323 2835 Begriffen:
1360 2791 1512 2832 Unheil,
1545 2789 1769 2831 Verdcrben,

1028 2839 1166 2873 Gefahr
1190 2838 1422 2878 verbunden,
1454 2837 1527 2881 vgl.
1556 2836 1614 2879 26,
1642 2840 1698 2879 25,
1727 2841 1769 2871 10

1027 2897 1129 2920 arma
1165 2887 1341 2930 inyruere.
1394 2895 1422 2917 c.
1450 2888 1513 2923 41,
1546 2888 1586 2917 ‘21
1630 2884 1771 2928 inm-uit

1025 2934 1188 2974 fortuna.
