1953 3278
760 133 975 168 ANHANG.
1561 132 1641 173 123

88 241 356 277 consciscendae
381 241 495 275 locum
520 239 671 274 haberet.
722 238 789 283 45,
816 243 854 283 5,
884 242 924 272 12
949 238 1020 273 sibi
1045 242 1188 273 mortem
1217 238 1398 273 conscisse.
1450 248 1478 271 c.
1511 242 1570 278 10,
1602 242 1641 271 14

89 289 157 323 atii
179 291 324 322 mortem
347 287 418 321 sibi
444 288 701 321 consciret-unt.

183 334 234 368 Zu
260 343 294 369 c.
316 333 374 374 23,
403 337 439 367 3:
468 333 499 375 1,
528 337 560 375 6,
590 337 604 367 1
631 335 837 377 perpetrata
863 333 977 367 caede.
1023 343 1051 366 c.
1074 335 1106 374 8,
1130 336 1145 365 1
1175 331 1277 365 rebus
1302 331 1439 366 divinis
1464 331 1533 364 rite
1554 341 1638 374 pm·-

84 381 247 425 petratis.
285 380 344 423 23,
366 383 421 423 35,
446 384 486 414 18
503 383 709 424 perpetrato
733 389 845 413 sacro.
887 378 946 420 24,
970 383 1022 420 11,
1048 383 1061 412 1
1086 379 1304 422 perpetratis
1329 389 1420 422 quae
1445 377 1494 412 ad
1515 387 1640 420 pacem

86 428 190 462 deum
218 427 456 471 pertinebant.
515 439 543 461 c.
580 431 633 469 13,
660 430 691 460 6.
742 436 772 460 c.
798 429 855 468 45,
881 428 902 458 8
929 426 1026 460 betto.
1078 425 1137 466 25,
1167 428 1220 467 12,
1247 428 1266 458 2
1292 435 1404 459 sacro.
1458 436 1487 458 c.
1515 427 1572 467 24,
1601 427 1640 457 11

86 477 210 509 tantae
235 477 464 518 perpetratae
495 475 556 508 rei.
609 484 638 507 e.
669 476 729 512 16,
755 475 776 506 2
807 472 994 513 sacrificio.
1056 471 1121 512 27,
1149 475 1214 514 43,
1243 475 1272 505 7.
1300 470 1366 511 28,
1401 474 1462 511 23,
1491 475 1510 504 3
1543 470 1644 504 caedi

82 523 319 565 perpetratae.
367 532 393 554 c.
416 525 472 563 41,
493 525 513 554 3
540 520 677 555 bellum.
722 517 782 560 33,
802 521 859 561 21,
880 521 900 551 6
922 528 1012 561 paee
1037 517 1197 551 nondum
1218 520 1438 560 perpetrata.
1483 516 1547 558 40,
1568 521 1599 560 9,
1625 521 1640 551 1

87 578 161 602 non
186 568 344 602 creditur
375 569 448 601 nisi
474 569 720 611 perpetratum
751 565 908 607 facinus,
959 562 1025 605 44,
1055 567 1088 605 1,
1121 568 1163 597 10
1191 564 1397 607 parricidio
1427 566 1641 606 perpetrato.

88 625 117 648 c.
145 617 201 656 22,
231 618 271 648 16
297 615 477 657 sacrificio
501 615 571 647 rite
590 614 808 656 perpetrato.
858 622 886 644 c.
915 614 976 652 32,
1004 614 1025 645 5
1051 610 1189 644 bellum.
1235 622 1264 645 c.
1293 614 1355 652 37,
1386 613 1426 643 13
1453 611 1643 652 sacrificio.

87 659 152 742 ῗὸ,
180 666 218 704 5,
245 665 265 695 5
289 671 403 705 prope
431 662 642 704 perpetrata
673 658 803 693 caedes.
856 669 884 691 c.
912 662 950 698 5,
979 661 1017 691 11
1053 657 1167 692 caede.
1217 668 1245 691 c.
1275 660 1337 700 39,
1367 661 1406 690 11
1435 660 1644 700 perpetrato

112 709 186 742 ello.
215 728 257 733 —

183 753 419 800 Vgl.1,24,6
441 756 629 797 patrare
655 753 712 786 ius
737 750 946 785 iurandum.
986 749 1046 793 23,
1062 753 1154 794 8,10
1180 750 1263 784 dum
1290 750 1436 792 facinus
1456 752 1642 793 patratur.

86 800 146 842 28,
168 805 224 844 41,
245 805 266 836 8
293 801 420 835 bellum
440 803 604 843 patrare,
647 797 707 842 35,
734 802 789 840 35,
820 801 861 831 15
885 798 1070 841 patrando
1095 798 1265 839 facinori.
1312 796 1373 838 40,
1400 800 1456 839 52,
1483 800 1503 831 5
1531 807 1641 832 causa

84 848 290 892 patrandae
309 848 424 891 pacis.
477 845 535 888 44,
564 850 619 888 25,
646 850 666 880 6
692 846 803 889 pacis.

182 894 233 928 Zu
259 904 293 928 e.
320 893 380 937 24,
410 897 467 927 11:
503 894 535 937 1,
562 897 618 937 41,
645 897 664 926 5
691 893 786 926 dicto
812 892 1015 926 audientem
1041 902 1112 925 esse
1137 890 1260 925 Servio
1289 890 1420 924 Tullio.
1474 890 1509 934 2,
1541 894 1595 934 18,
1623 894 1642 925 8

85 942 294 975 intentiores
320 941 374 975 ad
398 941 520 975 dicto
540 940 800 984 parendum.
852 950 880 973 c.
908 941 972 981 20,
1001 942 1042 971 10
1069 939 1187 972 dicto
1211 948 1412 981 paruere.
1464 936 1504 980 4,
1532 941 1593 980 26,
1622 943 1640 971 9

84 988 228 1022 senatui
254 988 350 1022 dicto
375 988 561 1022 audientes
586 997 665 1021 esse.
715 986 757 1029 5,
783 989 816 1029 3,
843 988 863 1019 8
889 985 993 1019 nobis
1018 985 1113 1019 dicto
1139 985 1292 1019 audiens
1317 988 1422 1028 atque
1448 984 1643 1019 oboediens.

87 1034 126 1076 8,
155 1040 192 1077 4,
219 1037 239 1068 2
267 1034 537 1069 Samnitium
568 1044 704 1078 quoque
734 1033 829 1068 dieto
860 1042 1064 1075 pareamus.
1116 1042 1145 1065 c.
1173 1035 1236 1074 32,
1263 1035 1282 1065 3
1316 1032 1410 1066 dicto
1442 1031 1643 1065 audientem

85 1092 165 1116 esse.
198 1081 232 1124 9,
250 1085 341 1123 32,5
367 1082 485 1116 dicto
505 1085 706 1125 paretur.
741 1083 841 1122 c.41,
860 1083 901 1112 13
928 1079 1046 1114 dicto
1066 1079 1227 1122 paruit
1253 1079 1417 1112 consul.
1451 1077 1510 1120 21,
1526 1081 1582 1120 57,
1600 1083 1641 1112 13

86 1139 178 1163 eum
227 1129 345 1163 dicto
388 1129 663 1172 paruissent.
737 1126 802 1170 22,
843 1130 903 1169 11,
950 1130 969 1160 6
1015 1126 1078 1170 qui
1122 1135 1202 1159 eum
1245 1125 1362 1159 dicto
1401 1126 1644 1169 paruisset.

86 1174 147 1219 28,
175 1178 229 1217 24,
259 1179 299 1208 11
327 1176 446 1210 dieto
465 1178 685 1219 parentes.
736 1172 801 1215 32,
829 1177 867 1215 3,
896 1177 914 1206 ’7
941 1173 1060 1207 dieto
1083 1183 1249 1216 parere.
1301 1171 1360 1215 36,
1388 1175 1449 1212 31,
1480 1175 1497 1206 7
1525 1173 1646 1206 dieto

81 1223 241 1266 paruit
276 1222 496 1266 Diophanes.
562 1221 629 1263 37,
665 1225 725 1263 43,
763 1224 782 1255 3
820 1220 863 1254 ni
899 1220 1019 1254 dieto
1051 1222 1274 1263 parerent.
1333 1230 1361 1253 c.
1398 1222 1458 1261 51,
1494 1222 1513 1253 5
1551 1219 1646 1253 dieto

85 1269 239 1304 audiens
264 1279 334 1304 esse
359 1271 488 1311 flamen
514 1269 685 1313 pontifici
714 1269 845 1302 iussus.
896 1266 962 1308 38,
991 1270 1053 1310 46,
1083 1270 1125 1300 14
1151 1267 1246 1301 dicto
1272 1267 1458 1300 audientes
1482 1266 1641 1308 fuerunt.

85 1315 152 1359 40,
180 1318 241 1358 38,
269 1320 288 1350 5
316 1317 459 1350 edicto
478 1318 744 1359 paruerunt.
796 1326 825 1348 e.
853 1317 916 1354 40,
944 1318 962 1348 ’7
990 1314 1109 1348 dicto
1134 1316 1404 1357 paruerunt.
1456 1324 1485 1347 c.
1513 1316 1575 1356 42,
1605 1317 1646 1347 10

85 1363 181 1397 dicto
207 1373 277 1397 esse
303 1363 515 1397 audientem.
561 1362 602 1397 In
628 1363 723 1397 dicto
742 1372 873 1405 parere
898 1360 950 1395 ist
975 1360 1090 1395 daher
1116 1361 1212 1395 dieto
1233 1360 1399 1394 offenbar
1421 1359 1544 1401 Dativ,
1571 1360 1644 1394 und

87 1420 124 1444 es
151 1410 284 1444 nimmt
309 1409 443 1444 keinen
469 1409 580 1444 Dativ
608 1409 672 1444 der
696 1408 845 1450 Person,
872 1407 1033 1443 welcher
1058 1418 1144 1441 man
1170 1407 1362 1451 gehorcht,
1390 1418 1432 1440 zu
1459 1406 1547 1440 sich.

182 1456 234 1491 Zu
260 1466 295 1492 e.
322 1456 382 1501 25,
410 1461 445 1490 1:
480 1456 514 1499 4,
540 1460 597 1498 44,
625 1461 655 1491 7.
692 1454 726 1499 5,
753 1458 809 1498 35,
839 1459 855 1489 1
884 1455 961 1489 alia
986 1454 1139 1489 subinde
1164 1464 1304 1488 manus.
1359 1453 1391 1495 7,
1421 1457 1475 1495 10,
1504 1457 1547 1487 10
1574 1464 1646 1488 uno

87 1504 267 1548 alteroque
291 1504 444 1538 subinde
469 1504 554 1538 ictu.
599 1503 633 1545 8,
659 1506 716 1546 27,
745 1508 759 1536 1
789 1503 894 1537 atiud
918 1502 1072 1536 subinde
1099 1501 1237 1536 bellum.
1282 1500 1318 1542 9,
1347 1504 1400 1542 16,
1427 1504 1459 1534 4.
1497 1511 1526 1535 c.
1548 1504 1603 1543 40,
1628 1505 1642 1534 1

83 1551 171 1595 pari
201 1551 353 1585 subinde
377 1551 553 1594 periculo.
605 1550 670 1592 10,
696 1553 759 1592 27,
785 1553 807 1583 4
832 1550 1001 1591 subinde,
1033 1552 1074 1583 ut
1105 1559 1263 1593 quaeque
1293 1558 1348 1581 res
1379 1558 1475 1581 nova
1505 1548 1647 1582 decreta

85 1601 180 1632 esset.
232 1597 297 1640 21,
324 1601 380 1640 20,
407 1600 445 1639 8;
474 1601 529 1639 62,
557 1601 588 1632 6.
615 1596 675 1639 23,
702 1601 758 1640 27,
785 1600 815 1631 9.
850 1595 909 1638 25,
937 1600 993 1639 23,
1020 1599 1053 1630 s.
1082 1594 1142 1637 28,
1169 1598 1225 1638 25,
1255 1600 1270 1628 1
1300 1606 1331 1628 u.
1363 1598 1416 1628 10.
1443 1594 1503 1637 29,
1530 1597 1586 1636 34,
1614 1597 1647 1628 2.

85 1643 146 1688 30,
174 1648 204 1686 7,
226 1647 256 1679 2.
295 1643 356 1688 35,
382 1647 437 1687 21,
460 1648 490 1679 9.
528 1644 588 1687 38,
617 1648 647 1688 1,
674 1647 704 1678 5.
744 1643 804 1687 39,
826 1647 882 1687 39,
905 1647 920 1677 1
944 1644 1022 1677 alia
1040 1643 1193 1677 subinde
1213 1645 1337 1677 exorta
1357 1644 1406 1676 est
1427 1641 1644 1684 (eontentio).

87 1690 147 1734 44,
168 1694 200 1735 6,
227 1694 247 1725 2
273 1691 425 1726 subinde
445 1702 513 1735 per
539 1692 616 1726 alia
642 1694 748 1735 atque
773 1691 851 1725 alia
871 1691 1012 1734 pai-ida
1039 1690 1202 1724 consilia.

181 1738 231 1773 Zu
258 1747 293 1773 c.
321 1738 386 1778 29,
415 1742 451 1772 7:
478 1737 518 1781 2,
545 1742 608 1781 31,
637 1741 680 1776 10
711 1739 806 1782 quod
838 1738 887 1772 ad
918 1748 970 1771 me
1001 1737 1154 1772 adtinet.
1204 1747 1233 1770 c.
1261 1739 1323 1777 37,
1351 1739 1369 1769 7
1396 1735 1490 1779 quod
1522 1735 1571 1769 ad
1594 1746 1647 1769 me

88 1785 238 1819 adtinet.
291 1796 320 1819 c.
347 1789 409 1828 41,
443 1790 472 1820 6.
525 1784 565 1827 3,
592 1789 654 1826 36,
681 1788 712 1819 4.
764 1796 792 1819 c.
821 1789 882 1827 50,
910 1788 942 1819 8.
992 1784 1034 1827 3,
1062 1788 1128 1826 62,
1155 1787 1175 1817 2
1207 1783 1302 1828 quod
1333 1783 1382 1816 ad
1413 1793 1466 1816 me
1497 1782 1645 1816 adtinet.

87 1832 128 1874 5,
157 1835 195 1874 9,
222 1837 242 1866 5
280 1833 375 1876 quod
412 1833 460 1867 ad
498 1842 558 1866 vos
599 1832 747 1866 adtinet.
799 1842 827 1866 e.
855 1835 916 1874 30,
944 1835 964 1865 2
991 1831 1086 1875 quod
1117 1831 1166 1865 ad
1196 1840 1231 1865 se
1257 1829 1434 1874 prii-atim
1470 1829 1645 1863 adtineat.

88 1877 123 1921 6,
151 1882 207 1922 23,
235 1883 253 1913 7
269 1890 303 1913 u.
322 1882 364 1913 10
389 1879 484 1923 quod
509 1880 557 1914 ad
582 1880 775 1913 ea'ereitum
800 1879 988 1913 adtineret.
1039 1878 1073 1920 6,
1101 1881 1133 1920 6,
1163 1880 1205 1911 10
1231 1877 1326 1921 quod
1351 1877 1399 1910 ad
1425 1876 1554 1910 bellum
1581 1875 1643 1910 ad-

87 1926 211 1960 tineat.
258 1936 287 1960 cf.
318 1929 371 1968 15,
399 1930 420 1960 4
445 1936 546 1970 quem
566 1927 615 1961 ad
633 1927 776 1961 modum
795 1926 844 1960 ad
863 1929 896 1960 te
915 1926 1054 1960 adtinet
1073 1936 1107 1958 u.
1130 1928 1184 1966 15,
1213 1927 1255 1957 12
1281 1923 1377 1968 quod
1396 1923 1445 1957 ad
1463 1923 1647 1958 thesauros

92 1971 252 2007 Gallicos
278 1973 463 2007 adtineret.
517 1984 544 2006 c.
572 1976 628 2017 26,
657 1978 675 2007 '7
703 1974 797 2017 quod
823 1973 871 2007 ad
897 1973 1053 2007 crimina
1079 1971 1227 2006 adtinet.
1281 1981 1309 2004 e.
1337 1973 1393 2011 38,
1423 1973 1474 2003 11.
1503 1969 1537 2011 8,
1565 1973 1597 2011 2,
1625 1974 1645 2003 3

86 2020 182 2063 quod
208 2019 258 2054 ad
282 2019 467 2054 Sidicinos
491 2020 665 2054 adtineat.
711 2031 740 2055 c.
764 2024 823 2061 13,
848 2023 890 2053 14
916 2020 1012 2064 quod
1037 2019 1085 2053 ad
1110 2017 1267 2052 Latinos
1293 2017 1441 2052 adtinet.
1486 2016 1521 2058 9,
1542 2020 1574 2059 9,
1603 2019 1645 2050 19

86 2067 183 2110 quod
207 2067 257 2101 ad
281 2067 446 2101 tribunos
468 2067 621 2101 adtinet.
674 2067 739 2109 10,
775 2070 834 2110 13,
869 2069 921 2100 10.
968 2077 996 2101 e.
1024 2069 1086 2107 45,
1118 2069 1138 2099 6
1165 2065 1260 2109 quod
1284 2065 1334 2098 ad
1359 2063 1555 2098 Etruriam
1581 2064 1645 2098 ad-

87 2113 233 2148 tinebat.
284 2112 343 2156 23,
370 2117 426 2157 25,
453 2117 474 2147 4
501 2114 597 2158 quod
621 2114 670 2148 ad
696 2134 739 2138 —
766 2114 954 2148 adtineret.
1013 2123 1041 2147 c.
1070 2115 1126 2155 48,
1153 2116 1173 2146 3
1201 2124 1234 2145 u.
1263 2116 1294 2146 5.
1339 2109 1398 2153 24,
1428 2114 1482 2152 11,
1511 2114 1527 2143 1
1555 2121 1647 2154 quae

87 2160 136 2194 ad
160 2170 282 2204 pacem
307 2161 410 2195 deum
430 2161 673 2204 pertinebant.
714 2170 742 2196 c.
768 2164 822 2202 16,
843 2164 863 2194 9
884 2160 980 2204 quod
1004 2159 1053 2194 ad
1071 2159 1217 2194 votonos
1236 2158 1424 2193 adtineret.
1463 2156 1523 2199 25,
1541 2160 1594 2200 16,
1613 2161 1645 2191 4.

88 2207 152 2248 26,
181 2211 241 2249 16,
271 2212 285 2241 1
315 2208 409 2251 quod
441 2208 490 2242 ad
521 2208 741 2252 supplicium
775 2208 923 2242 adtinet.
981 2217 1010 2241 c.
1040 2210 1100 2249 17,
1129 2210 1146 2239 1
1177 2206 1272 2250 quod
1304 2205 1352 2239 ad
1385 2203 1550 2247 Capuam
1582 2205 1646 2238 ad—

86 2253 233 2288 tinebat.
274 2264 303 2288 c.
323 2257 380 2297 40,
403 2259 446 2289 18
471 2256 567 2299 quod
593 2255 641 2289 ad
666 2254 834 2289 Siciliam
859 2254 1007 2288 adtinet.
1047 2252 1106 2296 28,
1128 2256 1183 2295 29,
1206 2256 1236 2287 ’7.
1265 2263 1295 2286 c.
1316 2255 1372 2294 43,
1395 2254 1448 2286 18.
1476 2251 1537 2293 29,
1552 2254 1608 2294 21,
1626 2254 1642 2284 1

87 2300 182 2344 quod
220 2301 268 2335 ad
308 2300 565 2336 Ptemminium
602 2302 752 2336 adtinet.
801 2300 867 2343 30,
893 2303 932 2343 8,
961 2305 977 2334 1
1011 2301 1106 2344 quod
1141 2301 1189 2334 ad
1221 2299 1422 2344 Syphacem
1456 2298 1644 2332 adtineret.

89 2357 118 2382 e.
145 2350 201 2388 30,
231 2351 274 2382 10
311 2348 405 2391 quod
437 2349 485 2383 ad
516 2359 569 2382 me
594 2349 742 2384 adtinet.
805 2359 835 2383 c.
862 2352 918 2391 31,
952 2352 982 2382 6.
1011 2351 1066 2391 41,
1093 2350 1114 2380 4
1152 2346 1247 2391 quod
1271 2346 1322 2380 ad
1346 2345 1556 2389 Hispanias
1581 2345 1645 2379 ad·

87 2395 225 2428 tineret.
275 2392 342 2438 31,
369 2397 432 2437 25,
459 2398 480 2428 4
504 2395 600 2439 quod
633 2396 682 2430 ad
706 2395 846 2430 Nabim
883 2398 915 2429 et
951 2394 1254 2429 Lacedaemonios
1286 2393 1478 2435 adtineret,
1511 2391 1586 2425 und
1612 2395 1643 2425 9.

89 2451 117 2475 c.
146 2444 208 2483 31,
236 2444 256 2474 5
282 2441 376 2484 quod
402 2442 450 2475 ad
475 2452 517 2476 ea
542 2443 690 2478 adtinet.
742 2453 770 2476 c.
799 2446 862 2483 31,
891 2444 933 2476 18
962 2442 1057 2486 quod
1082 2441 1130 2475 ad
1154 2451 1215 2475 vos
1241 2440 1389 2474 adtinet.
1440 2438 1506 2480 32,
1533 2442 1596 2481 34,
1624 2442 1643 2472 9

87 2488 183 2531 quod
208 2488 258 2522 ad
282 2488 541 2522 restitutionem
567 2489 714 2523 adtinet.
765 2488 831 2532 33,
858 2492 914 2531 39,
941 2492 962 2522 5
987 2489 1083 2532 quod
1108 2488 1157 2522 ad
1181 2498 1241 2521 eas
1266 2487 1428 2521 civitates
1453 2486 1641 2519 adtineret.

88 2545 117 2569 c.
133 2538 189 2578 40,
211 2539 230 2569 3
257 2535 352 2578 quod
366 2535 413 2569 ad
428 2534 671 2569 Ptolomaeum
685 2536 856 2570 adtineat.
897 2546 926 2569 c.
943 2538 999 2579 45,
1014 2538 1034 2568 2
1053 2535 1147 2579 quod
1161 2535 1210 2569 ad
1222 2534 1443 2568 Antiochum
1456 2533 1644 2573 adtineret,

88 2592 123 2616 u.
150 2585 170 2616 3
196 2581 292 2625 quod
318 2581 367 2615 ad
391 2581 528 2615 Nabim
553 2582 741 2616 adtineret.
785 2582 846 2624 34,
867 2585 899 2625 3,
919 2586 951 2616 5.
979 2592 1008 2616 e.
1031 2585 1086 2624 31,
1116 2584 1159 2615 14
1184 2582 1279 2625 quod
1305 2581 1352 2614 ad
1379 2579 1644 2613 multitudinem

88 2629 238 2663 adtinet.
289 2639 318 2662 ο.
347 2631 402 2671 58,
430 2631 449 2661 2
475 2628 571 2672 quod
595 2629 645 2662 ad
668 2629 774 2663 urbes
799 2629 911 2662 Asiae
936 2629 1084 2663 adtinet.
1135 2626 1195 2670 35,
1222 2631 1278 2669 30,
1307 2631 1348 2660 13
1375 2626 1470 2670 quod
1495 2626 1544 2659 ad
1568 2624 1645 2659 La·

89 2685 218 2710 conum
244 2675 372 2709 bellum
398 2676 584 2709 adtineret.
624 2674 684 2716 36,
707 2679 738 2719 7,
759 2679 780 2708 4
805 2675 900 2718 quod
926 2675 974 2709 ad
1000 2674 1186 2708 Euboeam
1206 2693 1250 2698 —
1270 2674 1419 2707 adtinet.
1458 2682 1486 2705 c.
1512 2675 1566 2714 11,
1588 2675 1643 2706 11.

88 2721 148 2766 37,
172 2726 226 2766 15,
248 2725 280 2756 2.
320 2733 349 2756 e.
377 2725 433 2764 53,
462 2725 481 2755 7
507 2722 603 2766 quod
628 2722 676 2756 ad
700 2733 753 2756 me
778 2722 924 2756 adtinet.
965 2720 1025 2763 39,
1056 2724 1109 2759 15,
1136 2723 1156 2754 8
1183 2719 1277 2763 quod
1302 2720 1351 2753 ad
1376 2718 1644 2752 multitudinem

90 2779 211 2803 eorum
236 2769 384 2804 adtinet.
425 2779 453 2804 c.
476 2772 532 2812 37,
559 2772 579 2803 6
604 2769 698 2812 quod
723 2769 772 2803 ad
797 2769 887 2813 leyes
912 2768 1097 2810 ademptas
1122 2767 1270 2800 adtinet.
1310 2764 1370 2807 42,
1399 2768 1453 2807 10,
1483 2769 1525 2800 15
1549 2765 1645 2809 quod

89 2816 139 2895 ‘illd
162 2816 434 2858 provinciarum
461 2815 813 2850 administrationem
838 2815 1024 2850 adtineret.
1071 2824 1100 2847 c.
1128 2816 1183 2854 26,
1213 2817 1241 2847 1.
1275 2823 1303 2847 c.
1331 2816 1386 2856 41,
1415 2815 1444 2847 7.
1473 2822 1501 2846 c.
1529 2815 1584 2853 63,
1612 2815 1644 2847 5.

115 2862 148 2905 3,
177 2866 207 2903 τ,
235 2866 264 2897 9.
292 2862 352 2906 45,
382 2866 434 2906 19,
465 2866 517 2896 12.
