1953 3278
159 143 166 158 ι
198 134 247 158 (¹11.
269 133 328 158 1205.
599 122 739 156 LlBElt
766 121 930 156 XXVIII.
976 121 1075 156 CAP.
1104 124 1160 155 44.
1187 125 1242 156 45.

1621 120 1704 161 103

152 230 265 285 quod
298 230 442 282 instat,
476 231 518 269 et
549 229 801 283 provincias,
837 228 886 270 de
919 229 1073 283 quibus
1107 228 1260 282 agitur,
1292 227 1447 268 dixisse
1481 227 1585 268 satis
1619 231 1704 268 est:

151 289 227 330 illa
259 288 390 343 longa
421 287 557 328 oratio
585 302 659 329 nec
687 287 738 328 ad
766 302 841 329 vos
868 288 1086 341 pertinens
1119 287 1186 339 sit,
1219 287 1266 339 si,
1299 300 1424 340 quem
1450 285 1501 326 ad
1529 285 1700 326 modum
1731 297 1772 327 17

154 346 201 396 Q.
228 346 386 388 Fabius
420 360 536 387 meas
564 360 630 386 res
657 349 800 400 gestas
828 346 870 386 in
898 345 1108 399 Hispania
1135 345 1328 397 elevavit,
1360 344 1420 386 sic
1448 357 1526 398 ego
1553 347 1702 385 contra

151 405 332 460 gloriam
366 405 455 446 eius
483 405 649 445 eludere
675 407 717 445 et
743 419 882 445 meam
910 404 1049 445 verbis
1076 403 1279 443 extollere
1306 403 1443 443 velim.

1506 404 1701 444 neutrum

151 463 324 516 faciam,
356 465 501 517 patres
535 463 782 516 conscripti,
821 465 879 513 et,
918 462 952 502 si
983 462 1103 502 nulla
1135 461 1220 501 alia
1251 475 1312 513 re,
1345 461 1557 502 modestia
1589 466 1702 502 certe

151 525 194 562 et
230 522 508 575 temperando
547 521 716 575 linguae
756 520 1004 561 adulescens
1043 533 1186 560 senem
1226 519 1378 560 vicero.

1440 520 1500 560 ita
1539 522 1581 560 et
1618 520 1704 560 vixi

151 584 193 621 et
224 581 339 635 gessi
370 595 456 633 res,
488 583 535 621 ut
566 579 722 620 tacitus
756 592 805 619 ea
837 577 1057 632 opinione,
1090 591 1217 630 quam
1251 580 1393 618 vestra
1425 582 1576 631 sponte
1610 592 1704 620 con-

152 641 315 693 ceptam
350 639 502 680 animis
536 637 763 689 haberetis,
795 636 919 677 facile
952 639 1177 677 contentus
1212 635 1386 676 essem.“

269 697 408 738 Minus
449 696 593 750 aequis
634 694 787 735 animis
827 694 994 735 auditus
1035 696 1098 735 est
1137 693 1297 748 Scipio,
1340 694 1438 748 quia
1478 694 1702 748 vulgatum
1724 700 1774 735 45

152 758 254 809 erat,
287 757 323 797 si
355 754 466 808 apud
493 755 689 794 senatum
715 767 800 794 non
828 752 1094 806 obtinuisset,
1126 755 1174 793 ut
1200 752 1419 806 provincia
1446 752 1593 794 Africa
1621 753 1702 794 sibi

150 814 462 865 decerneretur,
503 812 554 853 ad
593 812 799 866 populum
838 812 1051 865 extemplo
1084 811 1282 852 laturum.

1343 810 1492 865 Itaque
1525 810 1573 860 Q.
1605 810 1702 852 Ful-

150 873 255 926 vius,
289 872 360 925 qui
393 871 541 912 consul
575 873 725 924 quater
756 873 799 911 et
831 884 980 911 censor
1012 870 1162 923 fuerat,
1195 870 1431 924 postulavit
1464 884 1488 910 a
1520 870 1704 922 consule,

149 934 195 972 ut
240 930 383 984 palam
427 930 470 970 in
515 933 665 971 senatu
710 929 889 982 diceret,
932 928 1255 983 permitteretne
1294 929 1513 983 patribus,
1556 931 1605 969 ut
1653 929 1703 970 de

147 988 378 1043 provinciis
412 988 697 1042 decernerent,
730 990 1005 1041 staturusque
1038 1002 1086 1029 eo
1120 990 1250 1040 esset,
1283 988 1393 1042 quod
1427 988 1706 1041 censuissent,

148 1061 204 1088 an
236 1047 288 1088 ad
322 1047 526 1101 populum
566 1048 740 1088 laturus.

803 1060 897 1087 cum
929 1045 1070 1100 Scipio
1104 1045 1415 1100 respondisset,
1454 1060 1497 1087 se
1539 1046 1649 1100 quod
1683 1060 1704 1088 e

145 1120 190 1147 re
217 1106 389 1160 publica
415 1108 527 1147 esset
553 1106 776 1158 facturum,
801 1107 893 1146 tum
918 1104 1110 1146 Fulvius:
1137 1119 1249 1158 „non
1275 1117 1354 1159 ego
1381 1105 1570 1159 ignarus,
1603 1105 1703 1159 quid

146 1179 428 1218 responsurus
456 1163 698 1205 facturusve
726 1178 852 1217 esses,
879 1164 1080 1217 quaesivi,
1107 1164 1262 1217 quippe
1290 1178 1385 1205 cum
1406 1178 1508 1217 prae
1528 1165 1571 1205 te
1591 1163 1702 1204 feras

145 1225 358 1277 temptare
391 1226 432 1264 te
465 1223 602 1277 magis
635 1237 762 1277 quam
795 1223 1016 1264 consulere
1050 1227 1256 1275 senatum,
1289 1224 1332 1263 et
1362 1223 1407 1262 ni
1438 1222 1703 1276 provinciam

143 1282 237 1335 tibi,
270 1296 396 1336 quam
423 1282 618 1335 volueris,
651 1282 864 1335 extemplo
894 1280 1182 1335 decernamus,
1208 1283 1403 1335 paratam
1430 1281 1703 1336 rogationem

146 1340 318 1382 habeas.

380 1340 524 1394 itaque
558 1355 581 1380 a
613 1340 755 1393 vobis,
798 1340 961 1381 tribuni
997 1340 1155 1393 plebis,
1199 1339 1416 1394 postulo,“

1452 1339 1592 1394 inquit
1629 1343 1702 1394 „ut

149 1399 407 1440 sententiam
440 1399 544 1439 mihi
577 1398 670 1440 ideo
703 1413 787 1440 non
820 1399 988 1452 dicenti,
1022 1398 1144 1452 quod,
1178 1398 1258 1440 etsi
1289 1399 1333 1438 in
1364 1412 1503 1440 meam
1537 1401 1702 1439 senten-

195 1518 248 1550 16.
276 1515 412 1549 dixisse
424 1515 514 1549 satis
528 1514 593 1559 est]
610 1513 722 1548 ofters
735 1514 887 1548 wieder-

142 1561 266 1596 holter
291 1561 550 1602 Redeschluss;
576 1561 650 1605 vgl.
678 1560 738 1603 38,
764 1564 821 1603 49,
843 1565 885 1596 13

141 1608 206 1643 sed
230 1609 305 1643 iam
329 1608 465 1643 dietum
490 1609 580 1643 satis
605 1612 664 1642 est.

196 1659 248 1690 17.
276 1666 340 1690 nec
365 1656 414 1690 ad
432 1665 493 1689 vos
512 1656 701 1699 pertinens
719 1655 782 1700 sit]
804 1655 886 1697 „die

144 1701 244 1736 Rede
285 1701 407 1736 dfirfte
440 1702 532 1736 euch
568 1702 673 1736 nicht
707 1701 885 1746 angehen,

142 1749 238 1783 euch
281 1749 494 1793 gegenfiber
537 1748 641 1783 nicht
693 1760 738 1783 an
788 1748 888 1783 ihrer

145 1795 260 1830 Stelle
287 1795 400 1830 sein.“

190 1843 345 1886 yloriam
360 1863 402 1867 —
417 1843 571 1887 eludere]
595 1841 745 1885 „seinen
765 1842 887 1876 Ruhm

143 1900 224 1923 zum
245 1889 403 1934 Gespott
428 1890 624 1930 machen“;
651 1889 726 1933 vgl.
746 1889 776 1932 7,
796 1894 849 1931 13,
866 1893 885 1924 6

141 1947 209 1971 nos
247 1937 412 1971 omnibns
455 1936 680 1971 contwneliis
723 1937 885 1971 eludunt.

144 1983 185 2025 9,
214 1987 274 2025 11,
303 1987 346 2017 10
372 1994 524 2028 qnorum
551 1984 712 2017 eluditur
742 1995 885 2018 numen.

193 2033 247 2064 18.
280 2031 314 2064 si
350 2031 453 2065 nulla
492 2031 569 2064 alia
602 2041 657 2072 re,
697 2050 740 2056 -—
779 2031 883 2076 certe]

143 2088 275 2119 „wenn
301 2077 415 2112 durch
446 2077 577 2111 keine
608 2077 743 2111 andere
770 2076 887 2112 Sache

144 2144 187 2149 —
214 2135 253 2159 so
278 2123 398 2158 sicher
422 2123 579 2165 durch“;
607 2123 826 2168 vg1.2⁴2‚29,
844 2128 884 2158 11

141 2172 175 2205 si
205 2171 299 2206 nihil
333 2171 456 2214 alind,
493 2174 681 2215 yratorum
719 2175 810 2205 certe
842 2192 885 2196 ——

143 2218 348 2252 animorum
373 2218 525 2263 yloriam
552 2219 627 2252 (lies
654 2218 714 2252 hic
738 2219 884 2253 dederit.

143 2264 210 2304 30,
238 2268 298 2308 12,
326 2269 368 2299 16
400 2265 433 2299 si
463 2266 569 2299 nulla
600 2276 637 2299 vre
666 2266 742 2299 alia
771 2269 885 2309 potes,

142 2314 253 2345 morte
277 2322 330 2345 me
353 2315 395 2346 ut
419 2313 588 2347 vindices.

192 2367 226 2393 c.
259 2356 317 2392 45.
370 2357 736 2393 Senatsdebatte.
787 2359 885 2394 Lie-

140 2404 406 2450 ferungen
444 2405 531 2439 der
569 2406 886 2440 etrurischen

144 2450 312 2486 Stadte.

194 2502 223 2532 1.
263 2499 386 2543 aequis
423 2499 578 2544 animis]
623 2502 726 2534 sonst
763 2501 886 2544 aequis

142 2546 297 2580 auribus
315 2544 375 2587 22,
390 2549 445 2586 25,
464 2549 522 2587 12,
543 2546 612 2579 wie
627 2546 707 2580 hier
720 2546 781 2590 23,
796 2550 852 2589 22,
865 2551 884 2581 6

142 2593 243 2627 haud
268 2593 498 2637 aequioribus
523 2593 666 2627 animis.

192 2643 223 2674 2.
250 2643 282 2674 et
306 2649 429 2674 censor
453 2639 591 2684 fuerat]
625 2639 724 2681 „und
749 2639 886 2674 einmal

144 2685 282 2721 Censor
301 2696 471 2731 gewesen
491 2690 606 2727 war“;
627 2686 700 2731 vgl.
723 2696 752 2720 c.
773 2689 831 2728 40,
852 2690 885 2722 9.

148 2732 299 2768 Fulvius
325 2734 373 2768 ist
399 2733 462 2767 der
488 2733 669 2767 Eroberer
695 2732 849 2777 Capuas.

187 2781 466 2824 permitteretne]
495 2780 564 2822 „ob
590 2791 630 2814 er
656 2790 694 2814 es
721 2780 885 2814 anheim-

144 2826 288 2868 stelle“‚
332 2827 522 2862 offizieller
556 2826 765 2866 Ausdruck;
810 2827 884 2871 vgl.

142 2884 173 2909 c.
186 2877 241 2915 34,
255 2878 299 2908 10
318 2878 506 2918 utramque
525 2874 708 2916 fortunam
731 2875 886 2918 eoepertis

953 1515 1159 1558 permittere
1195 1524 1282 1556 sese3
1322 1513 1415 1547 wird
1452 1516 1470 1555 ξ
1499 1517 1517 1547 7
1555 1513 1626 1548 mit
1662 1514 1704 1548 de

959 1561 1203 1603 konstruiert;
1226 1564 1244 1602 ἓ
1266 1563 1287 1595 8
1307 1572 1341 1595 11.
1363 1560 1423 1603 30,
1444 1564 1499 1602 40,
1523 1564 1563 1594 11
1586 1571 1640 1595 res
1666 1571 1703 1595 eo

959 1609 1111 1643 deducta
1138 1612 1198 1650 est,
1228 1611 1269 1642 ut
1293 1608 1438 1643 senatui
1457 1608 1705 1651 permitterent

960 1656 1122 1698 absolut,
1150 1655 1219 1689 mit
1243 1658 1299 1690 ut:
1326 1654 1386 1698 35,
1413 1658 1469 1697 20,
1496 1658 1528 1689 4.

1007 1705 1238 1746 staturusque
1251 1712 1289 1737 eo
1303 1702 1402 1747 esset]
1421 1701 1554 1745 „dabei
1571 1701 1702 1736 stehen

960 1748 1124 1792 bleiben,
1158 1749 1224 1783 das
1256 1761 1320 1782 zur
1346 1748 1559 1792 Grundlage
1584 1749 1702 1783 seines

962 1796 1087 1830 Thuns
1106 1797 1263 1830 machen
1283 1795 1444 1837 wtirde“,
1474 1795 1703 1830 konstruiert

959 1843 1029 1877 wie
1049 1844 1136 1885 niti;
1159 1854 1198 1878 so
1216 1842 1445 1877 namentlich
1464 1843 1533 1884 ins,
1553 1843 1703 1877 societas

965 1893 1037 1924 stat
1068 1891 1195 1934 aliqua
1221 1901 1260 1924 re
1292 1906 1336 1918 =
1367 1890 1433 1923 hat
1467 1901 1529 1923 zur
1560 1889 1702 1923 Grund-

960 1937 1055 1981 lage,
1081 1937 1155 1982 vgl.
1183 1937 1242 1979 27,
1270 1941 1301 1979 8,
1329 1941 1360 1971 9.

1008 1987 1040 2017 3.
1067 1985 1162 2028 qnod
1181 1995 1198 2018 e
1216 1995 1254 2018 re
1268 1984 1419 2028 publiea
1439 1983 1540 2029 esset]
1566 1994 1604 2017 er
1629 1983 1702 2028 gab

961 2030 1038 2064 also
1053 2032 1133 2065 eine
1148 2031 1427 2065 ausweichende
1440 2032 1622 2073 Antwort,
1643 2030 1702 2065 die

955 2077 1093 2121 jedoch
1125 2078 1196 2112 den
1228 2077 1490 2112 vorhandenen
1515 2076 1703 2112 Verdacht

959 2136 1028 2158 nur
1055 2125 1265 2170 bestatigen
1290 2125 1439 2159 konnte.

1005 2175 1038 2205 4.
1059 2173 1192 2216 quippe
1205 2172 1301 2217 eum]
1324 2171 1382 2205 bei
1397 2172 1473 2205 Liv.
1490 2170 1700 2212 mehrfach3

958 2218 1030 2262 vgl.
1058 2219 1097 2259 4,
1131 2223 1192 2261 24,
1227 2223 1247 2254 8
1278 2219 1410 2263 quippe
1441 2229 1521 2253 eum
1553 2238 1596 2242 —-
1629 2229 1701 2252 cer—

957 2269 1091 2300 nerent.
1125 2265 1158 2309 4,
1186 2270 1242 2307 57,
1270 2270 1324 2301 10.
1360 2265 1420 2309 26,
1441 2269 1497 2308 39,
1524 2268 1544 2299 9
1570 2265 1702 2309 qnippe

958 2323 1038 2347 eum
1064 2333 1107 2338 —-
1129 2316 1350 2357 puqnarent.
1386 2323 1415 2347 c.
1443 2316 1499 2355 49,
1527 2316 1556 2346 1.

1006 2360 1192 2405 temptare]
1215 2360 1304 2404 „auf
1321 2359 1380 2394 die
1394 2359 1512 2394 Probe
1534 2359 1701 2400 stellen“,

958 2408 1059 2440 sonst
1085 2408 1225 2442 animos
1250 2410 1437 2450 temptare,
1464 2405 1540 2451 vgl.
1556 2405 1616 2449 28,
1633 2410 1664 2449 3,
1680 2411 1701 2440 4

959 2453 1118 2498 alloquio
1143 2455 1284 2489 animos
1310 2457 1533 2497 temptarent.

1008 2504 1038 2534 5.
1065 2501 1225 2546 postulo]
1262 2500 1348 2544 „ich
1381 2500 1489 2535 stelle
1525 2500 1595 2534 den
1626 2502 1700 2534 An-

958 2549 1082 2592 trag“;
1109 2547 1184 2592 vgl.
1200 2552 1219 2589 ξ
1239 2553 1259 2582 2
1275 2548 1478 2592 postulavit
1503 2559 1526 2581 a
1545 2547 1699 2581 consu-Ie.

958 2594 1017 2636 29,
1041 2598 1094 2636 15,
1116 2599 1147 2630 8.
1173 2594 1234 2637 30,
1255 2599 1310 2634 43,
1333 2598 1352 2628 9
1372 2595 1463 2638 ipsis
1479 2594 1700 2637 postulanti-

958 2640 1122 2684 busffli,
1149 2640 1350 2684 21,.231‚
1379 2640 1698 2683 29‚.533,22‚2

957 2687 1099 2721 tribuni
1136 2708 1179 2712 --
1220 2688 1466 2731 postularant.
1518 2698 1547 2722 c.
1580 2690 1645 2729 24,
1678 2691 1699 2722 8

960 2731 1111 2768 Cosanis
1138 2754 1180 2759 --
1200 2734 1485 2778 postulantibus.
1511 2732 1697 2776 43,17,1.

1005 2780 1047 2814 in
1077 2792 1189 2815 meam
1225 2782 1438 2815 sententiam
1474 2761 1698 2827 discedatiar]

958 2837 1064 2861 wenn
1098 2838 1185 2862 man
1218 2826 1313 2862 auch
1350 2828 1409 2862 bei
1441 2827 1505 2862 der
1535 2827 1699 2863 Abstim-

958 2885 1071 2919 mung
1093 2875 1223 2909 zffdumh
1242 2875 1308 2910 itio
1328 2875 1367 2909 in
1383 2876 1520 2919 partes)
1541 2875 1620 2910 sich
1640 2875 1701 2909 fur

1732 413 1773 444 18

1731 825 1750 855 2

1731 1060 1750 1090 3

1730 1120 1750 1149 4
