1953 3278
161 150 186 168 a.
210 142 260 168 eh.
281 143 339 167 206.
653 131 794 166 LIBER
820 132 985 167 XXVIII.
1035 131 1125 167 CAP
1151 136 1205 167 32.
1651 131 1701 172 71

156 240 380 283 sanaverit.
450 241 539 280 tum
579 254 642 293 36,
686 239 798 282 haud
836 253 954 281 secus
991 254 1116 294 quam
1155 240 1315 281 viscera
1355 242 1570 281 secantem
1614 254 1700 292 sua,
1728 251 1748 280 4

156 313 252 342 cum
284 297 444 353 gemitu
483 300 525 339 et
562 298 745 340 lacrimis
783 298 963 353 triginta
1001 298 1219 340 hominum
1258 298 1469 353 capitibus
1507 298 1702 352 expiasse

160 361 252 400 octo
279 356 443 397 milium
470 370 542 397 seu
570 357 886 410 inprudentiam
912 371 984 398 seu
1012 371 1183 410 noxam;
1218 372 1328 398 nunc
1356 357 1468 398 laeto
1496 359 1537 398 et
1563 359 1702 398 erecto

161 417 299 458 animo
333 414 384 456 ad
417 415 587 456 caedem
619 416 849 469 Ilergetum
888 415 960 456 ire.
1022 429 1107 456 non
1145 416 1257 456 enim
1295 430 1366 457 eos
1405 429 1539 470 neque
1578 418 1701 456 natos
1731 427 1751 457 5

158 473 204 514 in
239 473 385 516 eadem
424 476 538 515 terra
576 488 652 515 nec
691 474 779 515 ulla
817 487 958 514 secum
997 474 1199 514 societate
1238 474 1406 515 iunctos
1445 489 1554 527 esse,
1598 488 1704 528 eam,

155 547 263 587 quae
294 532 387 574 sola
412 532 549 585 fuerit,
584 532 681 573 fidei
708 535 834 586 atque
861 531 1085 584 amicitiae,
1118 532 1236 585 ipsos
1262 547 1336 586 per
1363 533 1497 574 scelus
1526 533 1705 587 rupisse.

158 591 204 632 in
237 592 420 632 exercitu
453 605 528 632 suo
561 605 617 643 se,
648 592 947 644 praeterquam
985 589 1096 643 quod
1129 590 1268 631 omnis
1308 591 1411 632 civis
1452 595 1525 632 aut
1564 592 1699 633 socios
1728 603 1748 633 6

159 649 384 705 Latinique
423 649 605 690 nominis
646 648 803 702 videat,
841 648 972 689 etiam
1011 661 1058 689 eo
1098 648 1277 702 moveri,
1316 649 1427 703 quod
1459 664 1582 691 nemo
1615 650 1702 692 fere

161 709 217 750 sit
248 709 381 760 miles,
413 708 483 762 qui
513 721 603 748 non
636 710 710 748 aut
741 722 765 748 a
797 709 949 761 patruo
983 721 1059 748 suo
1090 705 1164 748 Cn.
1191 705 1401 762 Scipione,
1434 708 1507 762 qui
1540 709 1701 762 primus

159 766 340 809 Romani
371 765 556 808 nominis
588 765 633 805 in
665 779 758 806 eam
790 765 1055 820 provinciam
1087 766 1262 818 venerit,
1295 768 1368 807 aut
1401 781 1425 808 a
1454 770 1574 820 patre
1606 781 1698 809 con-

160 826 248 867 sule
275 827 346 866 aut
371 839 396 865 a
422 838 465 865 se
487 824 542 865 sit
562 837 611 864 ex
631 823 759 866 Italia
779 824 999 866 advectus:
1033 823 1279 878 Scipionum
1300 825 1474 878 nomini,
1501 826 1700 879 auspiciis
1730 839 1748 868 7

158 885 296 926 01111113
323 882 530 936 adsuetos,
556 897 661 936 quos
688 897 830 924 secum
857 883 901 924 in
928 883 1113 937 patriam
1139 883 1192 924 ad
1219 884 1417 925 meritum
1438 884 1703 939 triumphum

155 942 359 984 deducere
386 941 501 995 velit,
533 955 637 996 quos
664 941 933 983 consulatum
962 942 1136 996 petenti,
1170 943 1286 983 velut
1313 943 1348 983 si
1376 944 1564 985 omnium
1591 957 1704 985 com-

157 1000 298 1042 munis
331 1002 482 1055 agatur
513 999 662 1053 honos,
695 1000 916 1042 adfuturos
949 1003 1102 1055 speret.
1165 1001 1275 1055 quod
1303 1001 1354 1042 ad
1388 1001 1702 1056 expeditionem
1729 1014 1750 1045 8

156 1059 348 1112 attineat,
381 1072 488 1113 quae
514 1059 657 1112 instet,
683 1059 975 1101 immemorem
1001 1073 1093 1100 esse
1115 1074 1256 1101 rerum
1281 1075 1453 1102 suarum
1475 1065 1705 1115 gestarum,

150 1118 230 1173 qui
260 1118 303 1159 id
333 1117 492 1159 bellum
526 1117 664 1159 ducat.
726 1117 923 1173 Magonis
955 1118 1124 1160 hercule
1157 1119 1257 1172 sibi,
1296 1119 1366 1174 qui
1406 1123 1525 1161 extra
1557 1120 1704 1161 orbem

154 1178 365 1218 terrarum
391 1176 436 1217 in
461 1176 759 1218 circumfusam
779 1176 946 1219 Oceano
974 1177 1160 1218 insulam
1187 1192 1282 1219 cum
1302 1179 1449 1231 paucis
1469 1178 1705 1233 perfugerit

156 1235 347 1287 navibus,
380 1235 583 1277 maiorem
616 1250 761 1277 curam
792 1250 894 1289 esse,
926 1250 1055 1290 quam
1080 1235 1330 1291 Ilergetum:
1364 1237 1518 1292 quippe
1547 1238 1635 1278 illic
1661 1242 1703 1278 et
1730 1249 1749 1279 9

156 1294 304 1336 ducem
325 1292 724 1349 Carthaginiensem
744 1297 786 1336 et
812 1297 1185 1349 quantumcunque
1213 1295 1419 1337 Punicum
1447 1296 1705 1350 praesidium

152 1433 230 1478 vgl.
258 1444 288 1468 0.
314 1437 370 1476 29,
398 1436 416 1467 7
443 1434 476 1467 si
500 1434 633 1468 erroris
652 1434 822 1478 paenitet.
851 1454 893 1458 —

153 1481 339 1515 sanaverit
370 1490 453 1514 vom
478 1479 608 1515 Heilen
643 1480 893 1525 korperlicher

152 1526 408 1561 Krankheiten
442 1528 484 1570 (c.
518 1530 580 1569 27,
616 1532 634 1562 7
668 1529 818 1563 vulnera
850 1548 893 1553 —

153 1574 284 1609 sanari
319 1584 393 1608 non
424 1575 592 1618 possunt)
637 1575 703 1609 auf
736 1574 893 1620 geistige

156 1620 375 1666 Storungen,
408 1631 474 1655 aus
500 1621 619 1655 denen
645 1621 708 1656 der
732 1621 894 1657 Aufruhr

153 1668 372 1703 entstanden
417 1668 461 1711 (c.
501 1671 562 1710 27,
603 1672 643 1702 11
676 1669 892 1714 insanistis),

149 1715 390 1760 fibertragen3
441 1715 514 1759 vgl.
549 1714 582 1758 2,
615 1719 672 1757 34,
707 1720 723 1750 1
759 1720 893 1752 sanata

150 1762 346 1797 discordia.
403 1761 444 1805 3,
478 1765 536 1804 17,
570 1766 591 1797 4
627 1763 746 1806 forma
781 1774 893 1799 sanae

146 1810 318 1844 civitatis.
387 1808 427 1851 6,
469 1811 529 1852 18,
569 1813 588 1843 2
634 1810 678 1844 ab
715 1811 892 1846 sanandis

147 1856 350 1891 domesticis
375 1856 491 1890 malis.

198 1907 229 1937 4.
255 1904 392 1938 viscera
411 1907 585 1938 secantem
604 1904 687 1949 sua]
715 1903 779 1939 der
801 1904 891 1939 Aus-

151 1949 267 1984 druck
287 1949 491 1994 entspricht
510 1949 593 1984 dem
612 1954 630 1993 ἓ
647 1954 667 1985 3
688 1951 890 1996 gebrauch-

149 1997 212 2031 ten
261 2007 410 2039 sanare,
459 1996 620 2032 insofern
668 2008 785 2033 secare
831 1999 891 2033 6111

151 2043 233 2078 Τ611
260 2044 324 2078 der
345 2043 550 2079 arztliohen
572 2044 814 2090 Behandlung
831 2045 889 2081 ist.

151 2091 290 2126 viscera
308 2091 389 2125 hier
408 2091 482 2125 und
497 2091 551 2126 oft
565 2108 609 2120 =
623 2092 762 2127 edelste
777 2092 891 2137 Teile‚

152 2137 257 2179 Herz,
283 2138 356 2182 vgl.
377 2137 436 2181 22,
456 2141 512 2181 38,
537 2144 556 2174 6
577 2139 704 2173 bellum
726 2159 768 2164 —
789 2151 892 2175 man-

148 2195 277 2220 surum
302 2186 343 2219 in
367 2185 569 2220 visceribus.

202 2235 232 2266 5.
266 2242 338 2266 non
363 2233 457 2266 enim
487 2243 544 2267 cos
572 2234 696 2277 neque]
730 2233 788 2268 die
821 2234 892 2269 den

151 2289 295 2323 ganzen
342 2279 427 2313 Satz
477 2279 720 2315 verneinende
770 2280 892 2326 Nega-

153 2325 233 2360 tion
258 2326 359 2370 (non)
386 2325 470 2360 tritt
494 2338 618 2370 voi-an,
643 2327 718 2362 und
743 2327 794 2361 im
820 2330 892 2362 An·

154 2371 290 2406 schluss
304 2382 351 2406 an
365 2372 526 2408 dieselbe
538 2374 684 2409 werden
698 2374 892 2410 samtliehe

153 2418 428 2454 koordinierten
466 2419 693 2465 Satzglieder
729 2421 889 2466 negiert3

152 2465 227 2510 vgl.
254 2465 292 2508 4,
321 2468 381 2508 38,
410 2470 426 2500 1
460 2467 554 2501 nihil
578 2487 621 2492 —-
647 2479 711 2503 nec
736 2488 779 2493 —
805 2480 891 2511 ncc;

153 2512 187 2555 1,
212 2515 268 2554 26,
298 2517 338 2547 12
366 2523 438 2547 non
467 2533 506 2538 —
533 2525 596 2549 nec
622 2535 665 2539 —
690 2527 768 2558 περς
795 2517 891 2550 auch

153 2559 213 2602 29,
231 2563 284 2602 12,
300 2563 341 2594 10
355 2571 465 2604 neque
479 2562 572 2594 enim
584 2581 622 2585 —
633 2573 677 2596 ne
688 2564 889 2607 —quidem

201 2611 232 2642 6.
260 2607 300 2641 in
325 2608 483 2641 exercitu
514 2618 578 2642 suo
602 2608 651 2652 se]
688 2621 787 2650 „was
812 2609 891 2644 36111

152 2653 250 2688 Η661·
275 2654 506 2697 anbetr'afe‘⁴;
533 2654 609 2689 Liv.
638 2655 788 2691 bedient
813 2656 890 2690 sich

154 2700 245 2743 hier,
272 2701 341 2735 wie
363 2699 499 2743 Cicero,
520 2713 582 2735 zur
601 2701 893 2748 Hervorhebung

151 2746 218 2781 der
243 2747 371 2783 Worte
397 2747 503 2783 nicht
527 2748 592 2782 der
619 2749 892 2784 umschreiben-

150 2794 224 2829 den
239 2788 447 2840 Wendung‘,
468 2795 536 2830 wie
563 2799 582 2837 ξ
602 2798 622 2829 8
649 2796 743 2840 quod
763 2815 806 2821 -—-
826 2796 892 2831 ad-

151 2842 286 2885 tineat,
325 2841 482 2877 sondern
513 2842 678 2887 begufigt
715 2843 792 2878 sich
824 2842 893 2878 mit

153 2887 340 2924 einfacher
366 2889 662 2933 Voranstellung.

1015 1435 1105 1469 cives
1123 1436 1236 1469 socios
1256 1455 1298 1459 —
1317 1435 1513 1480 Latinique
1532 1436 1703 1480 nominis]

967 1481 1000 1515 d.
1028 1481 1062 1515 h.
1095 1481 1168 1516 alle
1199 1481 1378 1526 gehorten
1410 1482 1602 1517 derselben
1631 1483 1705 1517 Na-

966 1528 1156 1563 tionalitat
1180 1540 1237 1563 an.

1011 1577 1153 1619 primus
1183 1576 1343 1610 Romani
1374 1576 1547 1622 nominis]
1587 1576 1638 1610 im
1671 1577 1704 1611 J.

966 1626 1052 1664 218,
1095 1623 1162 1657 auf
1202 1621 1349 1657 Geheiss
1393 1623 1509 1659 seines
1546 1623 1704 1658 Bruders

965 1669 1129 1714 Publius,
1153 1669 1218 1704 der
1236 1669 1443 1715 personlich
1463 1670 1547 1705 dem
1567 1670 1705 1705 Hanni-

965 1716 1027 1751 bal
1053 1717 1358 1762 gegenfibertrat;
1386 1717 1459 1762 vgl.
1485 1718 1545 1761 21,
1572 1722 1626 1752 32.

1012 1767 1076 1798 aut
1117 1775 1140 1798 a
1172 1768 1280 1808 patre
1323 1765 1480 1810 consule]
1526 1765 1706 1810 richtiger

958 1812 1190 1855 proconsule,
1223 1811 1270 1846 da
1295 1812 1333 1846 P.
1363 1811 1484 1856 Scipio
1509 1815 1583 1847 erst
1607 1812 1705 1847 nach

965 1858 1105 1892 Ablauf
1155 1858 1273 1893 seines
1323 1858 1552 1903 Amtsjahres
1607 1860 1704 1894 nach

965 1904 1125 1949 Spanien
1157 1905 1259 1947 kam3
1291 1906 1365 1949 vgl.
1392 1905 1459 1950 22,
1488 1910 1548 1949 22,
1577 1910 1593 1940 1
1617 1917 1704 1950 pro-

963 1955 1088 1996 royato
1109 1955 1193 1996 post
1217 1954 1443 1987 consulatum
1469 1954 1628 1998 imperio.

1013 2003 1043 2034 7.
1088 2000 1137 2034 ad
1173 2000 1338 2034 meritum
1376 2001 1614 2046 triumphum]
1661 2013 1704 2035 zu

964 2046 1084 2080 einem
1119 2045 1299 2091 Triumph
1333 2057 1408 2081 war
1440 2047 1478 2081 in
1504 2047 1705 2082 Wirklich-

964 2092 1044 2127 keit
1062 2092 1184 2138 wenig
1200 2093 1384 2136 Aussicht,
1405 2093 1452 2128 da
1472 2094 1596 2139 Scipio
1616 2094 1704 2130 kein

965 2139 1207 2184 eigentliches
1238 2141 1428 2185 imperium
1454 2141 1592 2183 besass;
1629 2142 1702 2186 vgl.

965 2198 993 2222 c,
1016 2190 1071 2230 38,
1092 2191 1113 2221 4
1132 2188 1248 2232 mayis
1266 2191 1439 2232 temptata
1457 2192 1507 2223 est
1529 2190 1706 2233 triumphi

962 2244 1041 2278 spes
1065 2246 1172 2279 quam
1195 2236 1319 2278 petita.

1013 2285 1044 2317 8.
1070 2283 1135 2326 qm·
1159 2283 1199 2317 id
1218 2282 1344 2316 bellum
1364 2283 1489 2328 ducat]
1517 2282 1581 2317 der
1603 2283 1703 2318 diese

965 2328 1045 2372 (auf
1071 2330 1250 2373 eoepeditio
1286 2329 1463 2374 bezogen)
1501 2329 1559 2364 far
1596 2329 1706 2365 einen

965 2375 1078 2420 Krieg
1103 2376 1215 2411 halte.

1009 2423 1162 2468 hercule]
1196 2423 1294 2458 diese
1320 2423 1705 2468 Beteuerungsformel

963 2469 1095 2512 (selten
1124 2471 1281 2505 hercules
1313 2482 1342 2505 c.
1375 2475 1436 2513 44,
1475 2472 1531 2515 12)
1563 2471 1613 2505 ist
1642 2470 1704 2505 bei

963 2516 1041 2551 Liv.
1062 2517 1259 2561 ungemein
1279 2517 1436 2561 beliebt,
1457 2518 1600 2552 kommt
1616 2519 1705 2552 aber

963 2563 1024 2598 bei
1043 2565 1190 2598 weitem
1213 2565 1380 2610 haufiger
1403 2565 1441 2599 in
1462 2565 1588 2599 Reden
1613 2565 1703 2609 (und

963 2622 1058 2644 zwar
1079 2622 1137 2645 am
1151 2611 1309 2646 liebsten
1329 2610 1366 2646 in
1388 2612 1450 2645 der
1461 2611 1705 2656 Verbindung

963 2661 1002 2691 at
1019 2658 1172 2701 hercule)
1193 2658 1247 2692 als
1267 2657 1306 2692 in
1323 2658 1387 2692 der
1401 2658 1611 2703 Erzahlung
1624 2670 1702 2695 vor.

965 2703 1105 2738 Stellen
1129 2704 1179 2738 im
1205 2705 1298 2738 Anh.

1011 2754 1044 2784 9.
1099 2751 1221 2785 ducem
1272 2750 1602 2797 Caiihayiniensem
1658 2773 1702 2778 —

965 2796 1145 2832 Punicum
1160 2798 1401 2843 praesidium]
1424 2798 1488 2832 das
1508 2800 1604 2834 erste
1621 2800 1702 2834 Bei-

965 2846 1058 2878 wort
1083 2844 1298 2879 bezeichnet
1322 2846 1391 2880 den
1417 2845 1527 2890 Mago
1553 2846 1608 2880 als
1635 2846 1701 2881 Be-

965 2892 1090 2926 amten
1115 2891 1178 2926 des
1204 2891 1427 2927 feindlichen
1451 2892 1608 2934 Staates,
1635 2893 1700 2928 das
