1953 3278
184 636 223 665 11
251 621 408 662 habere
452 620 670 662 Romanos
715 622 901 663 mallent.

181 982 230 1017 35

256 155 309 203 ’76
705 163 847 197 LIBER
874 162 1037 197 xxvm.
1089 161 1188 198 CAP.
1215 167 1270 198 34.
1297 168 1351 199 35.

207 281 227 312 9
254 271 369 313 mani
401 270 616 312 beneficio.

1637 182 1662 199 a.
1684 182 1713 199 u.
1735 175 1801 202 548.

678 272 862 310 ceterum
897 283 940 310 se
971 284 1108 324 neque
1141 284 1260 311 arma
1292 270 1344 312 iis
1377 271 1672 326 adempturum
1701 272 1803 327 <ne-

255 345 334 385 que
362 329 529 371 obsides
555 328 909 382 imperaturum),
940 329 1096 382 quippe
1123 342 1171 369 ea
1197 328 1374 382 pignera
1400 331 1639 372 timentium
1666 332 1802 373 rebel-

255 389 410 430 lionem
443 400 552 440 0080,
585 400 628 427 se
660 386 796 428 libera
827 401 947 428 arma
978 387 1228 441 relinquere,
1261 387 1422 429 solutos
1455 390 1633 443 animos,
1665 404 1802 445 neque

187 459 228 490 1ο
255 461 298 488 se
329 447 372 486 in
406 444 575 486 obsides
608 445 818 499 innoxios,
850 446 923 487 sed
954 446 996 487 in
1028 446 1159 500 ipsos,
1190 446 1227 487 si
1259 445 1497 500 defecerint,
1530 449 1803 504 saeviturum,

253 519 327 546 nec
354 504 407 545 ab
434 503 597 557 inermi,
618 504 691 545 sed
718 505 772 545 ab
798 507 963 546 armato
989 505 1113 546 hoste
1134 518 1293 559 poenas
1314 506 1617 558 expetiturum:
1643 511 1804 549 utram-

254 577 333 616 que
354 562 573 604 fortunam
594 563 778 617 expertis
799 564 1045 617 permittere
1066 577 1170 618 sese,
1195 565 1339 604 utrum
1365 564 1574 618 propitios
1596 580 1650 607 an
1669 567 1802 608 iratos

975 624 1036 664 ita
1080 622 1279 664 dimissus
1323 621 1579 664 Mandonius
1623 626 1804 679 pecunia

251 680 547 722 tantummodo
570 681 791 735 imperata,
813 696 862 723 ex
883 696 966 736 qua
986 681 1247 736 stipendium
1267 681 1394 722 militi
1415 683 1625 735 praestari
1644 686 1804 737 posset.

185 752 226 783 12
254 739 344 792 ipse
376 738 535 780 Marcio
568 740 612 780 in
643 740 890 781 ulteriorem
915 740 1170 794 Hispaniam
1196 740 1446 794 praemisso,
1478 738 1624 782 Silano
1651 741 1804 783 Tarra-

254 811 403 838 conem
430 798 609 839 remisso
636 812 794 853 paucos
820 802 1013 841 moratus
1040 799 1141 849 dies,
1174 799 1274 840 dum
1300 800 1552 853 imperatam
1580 800 1804 854 pecuniam

253 855 458 911 Ilergetes
485 860 847 911 pernumerarent‚
879 872 974 899 cum
1001 858 1207 912 expeditis
1233 857 1439 899 Marcium
1465 859 1551 899 iam
1578 859 1804 914 adpropin-

254 918 457 970 quantem
492 914 660 957 Oceano
694 916 951 970 adsequitur.

370 973 581 1016 Incohata
618 988 685 1016 res
724 975 810 1015 iam
851 978 950 1016 ante
987 975 1037 1016 de
1069 974 1296 1016 Masinissa
1334 975 1428 1016 aliis
1469 978 1595 1030 atque
1628 976 1723 1018 aliis
1755 975 1807 1018 de

253 1033 393 1074 causis
432 1032 565 1074 dilata
603 1036 710 1086 erat,
755 1033 867 1088 quod
905 1032 1094 1075 Numida
1138 1047 1232 1074 cum
1276 1033 1368 1087 ipso
1413 1035 1558 1088 utique
1603 1035 1805 1090 congredi

254 1090 451 1146 Scipione
483 1092 656 1133 volebat
689 1095 816 1146 atque
849 1093 938 1134 eius
971 1092 1120 1133 dextra
1151 1092 1275 1133 fidem
1309 1093 1493 1134 sancire:
1534 1107 1584 1134 ea
1614 1096 1706 1135 tum
1738 1094 1806 1135 iti-

206 1167 226 1197 2
254 1151 369 1192 neris
403 1154 490 1192 tam
529 1151 649 1206 longi
689 1165 737 1192 ac
769 1155 857 1193 tam
897 1152 1006 1193 devii
1045 1165 1173 1192 causa
1205 1150 1393 1205 Scipioni
1424 1151 1516 1192 fuit.

1578 1151 1807 1194 Masinissa

255 1224 349 1250 cum
389 1209 576 1251 Gadibus
621 1213 749 1263 esset,
795 1211 949 1252 certior
989 1210 1218 1251 adventare
1259 1224 1354 1251 eum
1393 1224 1416 1251 a
1456 1209 1617 1252 Marcio
1655 1210 1808 1265 factus,

255 1268 467 1310 causando
501 1269 715 1323 corrumpi
750 1283 880 1324 equos
911 1270 1099 1311 inclusos
1131 1269 1174 1310 in
1207 1269 1349 1310 insula
1380 1269 1685 1323 penuriamque
1720 1284 1808 1311 om-

208 1344 227 1374 3
254 1327 374 1368 nium
406 1342 547 1369 rerum
581 1331 623 1369 et
653 1328 793 1369 facere
827 1329 978 1370 ceteris
1011 1331 1053 1369 et
1083 1329 1199 1382 ipsos
1227 1328 1396 1381 sentire,
1428 1328 1480 1369 ad
1511 1328 1593 1370 hoc
1620 1329 1806 1383 equitem

255 1400 515 1428 marcescere
543 1386 717 1440 desidia,
751 1386 1036 1442 <Magonem>
1063 1387 1260 1441 perpulit,
1291 1389 1339 1428 ut
1366 1401 1409 1428 se
1434 1387 1611 1428 traicere
1638 1387 1683 1428 in
1709 1402 1807 1430 con-

255 1445 461 1487 tinentem
489 1445 541 1487 ad
568 1446 889 1500 depopulandos
916 1446 1132 1501 proximos
1158 1445 1395 1500 Hispaniae
1428 1459 1553 1501 agros
1579 1449 1807 1500 pateretur.

207 1521 227 1551 4
254 1507 547 1560 transgressus
586 1506 664 1546 tris
704 1506 917 1560 principes
950 1505 1232 1547 Numidarum
1271 1505 1510 1559 praemittit
1548 1505 1600 1546 ad
1638 1508 1808 1560 tempus

304 1613 357 1644 10.
374 1610 555 1654 propitios
569 1621 617 1644 an
633 1610 761 1654 iratos]
782 1609 889 1644 beide
906 1611 994 1643 Aus-

255 1655 392 1690 driicke
411 1656 624 1691 verbunden
645 1656 869 1691 bezeichnen
893 1660 997 1691 sonst

254 1715 322 1737 nur
354 1703 412 1738 die
439 1704 599 1738 Gotter
630 1704 680 1738 im
707 1703 920 1739 Verhfiltnis
954 1716 996 1738 zu

255 1750 326 1784 den
349 1750 610 1792 Mensehen,
638 1751 711 1795 vgl.
728 1750 787 1795 39,
805 1754 860 1795 16,
878 1755 917 1785 11
940 1752 997 1786 dis

248 1799 425 1842 propitiis
470 1799 756 1843 colentibusque;
803 1798 897 1833 auch
941 1798 996 1833 als

254 1844 443 1879 feierliche
479 1845 625 1880 Formel
664 1843 916 1890 asyndetisch:
965 1846 995 1888 7,

256 1895 316 1935 26,
345 1896 366 1926 4
392 1893 510 1927 volens
530 1894 727 1938 propitius.
780 1893 920 1928 Stellen
945 1893 997 1927 im

255 1939 348 1974 Anh.

305 1990 357 2020 11.
385 1987 646 2032 tantummodo]
680 1986 796 2021 findet
827 1986 904 2021 sich
937 1986 997 2021 bei

255 2033 332 2068 Liv.
352 2033 457 2068 nicht
477 2034 604 2076 selten,
631 2034 691 2069 bei
710 2034 837 2069 Cicero
856 2034 996 2068 verein-

257 2080 345 2121 zelt3
374 2081 513 2115 Stellen
540 2081 590 2115 im
617 2082 712 2115 Anh.

306 2132 360 2162 12.
383 2128 695 2173 pernumerarent]
723 2128 761 2162 in
782 2128 865 2162 dem
888 2128 995 2162 Kom-

257 2175 420 2219 positum
440 2173 543 2220 liegt,
565 2174 644 2209 dass
659 2176 717 2209 die
732 2175 999 2220 Aufbringung

257 2221 321 2256 der
348 2222 496 2257 Summe
522 2221 628 2256 nicht
659 2222 774 2257 leicht
799 2234 890 2257 war:
922 2223 995 2267 vgl.

256 2269 295 2312 6,
325 2273 384 2311 15,
414 2273 456 2304 10
487 2271 582 2314 quod
614 2271 738 2304 usuris
762 2281 995 2314 pernumera—

256 2319 331 2350 tum
357 2320 417 2351 est.

304 2419 339 2444 c.
366 2409 429 2445 35.
487 2411 886 2446 Zusammenkunft
918 2411 997 2445 mit

255 2456 506 2492 Masinissa.

304 2508 335 2538 1.
362 2505 532 2539 incohata
550 2516 605 2539 res
627 2526 668 2530 -—
690 2505 747 2550 de]
777 2505 858 2548 „die
883 2505 997 2540 sehon

253 2550 468 2595 begonnene
495 2552 793 2597 Angelegenheit
819 2552 886 2586 mit
911 2553 996 2592 M.“,

253 2599 326 2643 vgl.
349 2598 407 2640 26,
432 2603 486 2640 15,
507 2603 526 2633 9
554 2600 698 2642 differ-ri
723 2610 794 2634 rem
819 2601 997 2644 inteyram

254 2646 303 2680 ad
321 2650 448 2689 patres
479 2647 522 2681 de
555 2645 771 2691 Campani-53
806 2646 845 2688 6,
880 2651 940 2688 38,
976 2651 991 2680 1

250 2703 425 2737 suspensa
449 2694 492 2728 de
517 2694 653 2738 leyibus
678 2704 789 2728 res=
811 2694 893 2736 „die
919 2694 994 2728 An-

252 2739 490 2785 gelegenheit
522 2740 625 2784 mit“,
658 2753 692 2775 u.
720 2752 770 2783 o.;
804 2742 908 2775 mehr
933 2741 997 2775 der

251 2787 428 2831 vulgaren
455 2786 617 2832 Sprache
643 2788 792 2832 gemass

299 2844 378 2868 cum
404 2835 482 2878 ipso
507 2836 631 2880 utique
650 2856 693 2860 --
714 2835 896 2881 Scipione]
923 2837 992 2870 uti-

253 2891 330 2923 que,
357 2881 418 2915 bei
443 2882 521 2916 Liv.
548 2883 745 2927 ungemein
772 2883 907 2927 haufig,
939 2893 993 2917 so—

252 2927 350 2961 wohl
375 2927 410 2961 in
439 2928 620 2972 positiven
653 2929 706 2964 als
732 2929 769 2964 in
794 2930 993 2974 negativen

1070 1610 1210 1652 Satzen,
1238 1609 1342 1643 lehnt
1368 1608 1445 1643 sich
1472 1609 1582 1643 meist
1607 1620 1652 1644 an
1673 1609 1808 1645 andere

1068 1657 1197 1692 Worte
1224 1667 1286 1699 an,
1319 1655 1373 1691 oft
1402 1655 1527 1690 indem
1554 1667 1592 1690 es
1624 1657 1807 1692 zwischen

1069 1703 1257 1738 dieselben
1283 1703 1436 1747 gestellt
1461 1703 1570 1746 wird3
1603 1716 1631 1738 z.
1659 1703 1697 1738 B.
1731 1708 1808 1739 tum

1068 1752 1202 1795 utique,
1227 1762 1324 1785 nunc
1349 1751 1472 1794 utique
1481 1764 1492 1792 ‚·
1518 1750 1807 1796 eingeschoben:

1069 1799 1104 1842 3,
1128 1802 1156 1841 1,
1178 1801 1197 1832 2
1225 1798 1390 1832 adiutore
1409 1798 1532 1842 utique
1552 1799 1694 1833 consule
1719 1810 1752 1834 u.
1775 1809 1807 1834 ο.

1070 1845 1209 1880 Stellen
1235 1845 1285 1879 im
1312 1845 1406 1879 Anh.

1116 1893 1193 1927 eius
1224 1893 1353 1926 deoetra
1383 1892 1488 1935 fidem
1518 1892 1674 1937 sancire]
1708 1892 1740 1935 1,
1776 1897 1809 1936 1,

1070 1942 1090 1974 8
1123 1940 1227 1983 fidem
1251 1940 1401 1982 futurae
1427 1940 1609 1974 amicitiae
1633 1940 1807 1976 sanxisse.

1070 1986 1110 2031 8,
1138 1991 1175 2029 7,
1204 1989 1246 2020 19
1278 1990 1388 2021 morte
1418 1990 1481 2020 tua
1513 1987 1711 2022 sancienda
1735 1988 1811 2022 sint

1069 2034 1254 2069 consulum
1279 2034 1432 2077 imperia
1453 2050 1495 2062 =
1515 2033 1809 2079 „bekrastigen“.

1117 2085 1148 2115 2.
1173 2081 1358 2116 causando
1378 2082 1561 2124 corrumpi
1579 2081 1698 2126 equos]
1719 2092 1808 2124 „un-

1069 2129 1126 2162 ter
1146 2128 1229 2162 dem
1249 2128 1468 2171 Vorwande,
1494 2127 1572 2162 dass
1597 2127 1655 2162 die
1677 2127 1809 2163 Pferde

1070 2175 1220 2217 litten“;
1246 2175 1321 2219 vgl.
1342 2174 1407 2217 23,
1434 2179 1471 2218 8,
1495 2179 1512 2208 7
1534 2178 1642 2219 patre
1661 2195 1703 2199 —
1725 2186 1808 2210 cau-

1069 2226 1180 2258 sante.
1208 2221 1267 2264 24,
1286 2227 1314 2264 1,
1333 2225 1374 2256 10
1394 2225 1644 2268 causarentur.
1667 2221 1701 2265 3,
1717 2225 1772 2265 64,
1786 2225 1808 2256 2

1070 2280 1276 2304 consensum
1295 2272 1446 2314 patrum
1472 2269 1728 2303 causabantur.
1773 2269 1807 2312 5,

1072 2320 1130 2359 15,
1159 2321 1178 2351 6
1211 2319 1381 2351 causatus
1412 2317 1455 2350 de
1481 2317 1622 2359 privati
1647 2317 1810 2360 portenti

1063 2364 1332 2408 procuratione.
1363 2363 1421 2405 36,
1452 2367 1505 2406 10,
1533 2367 1575 2397 13
1602 2363 1702 2408 apud
1726 2373 1810 2398 suos

1069 2414 1239 2445 causatus
1270 2422 1352 2452 reae3
1392 2412 1483 2444 stets
1515 2427 1558 2439 =
1592 2411 1646 2445 als
1682 2410 1809 2446 Grund

1070 2457 1248 2502 angeben.

1111 2506 1374 2549 penuriamque
1394 2506 1551 2539 omnium
1571 2503 1705 2549 rerum]
1726 2515 1808 2538 zum

1070 2551 1397 2586 substantivierten
1412 2551 1558 2586 Genitiv
1579 2551 1642 2586 des
1662 2551 1808 2585 Plurals

1068 2610 1138 2634 von
1173 2600 1288 2634 omnis
1314 2599 1387 2643 vgl.
1415 2610 1443 2633 c.
1473 2603 1532 2642 11,
1562 2602 1591 2633 1.
1631 2598 1669 2640 9,
1697 2601 1758 2640 35,
1786 2602 1808 2632 3

1067 2647 1226 2681 omnium
1252 2647 1467 2680 immemores
1492 2658 1525 2679 u.
1553 2656 1602 2687 ο.;
1634 2645 1700 2679 wie
1727 2645 1807 2679 hier

1068 2694 1107 2736 9,
1142 2697 1180 2736 4,
1215 2698 1231 2727 1
1278 2694 1352 2727 iam
1395 2694 1552 2727 omnium
1595 2703 1715 2726 rerum
1751 2693 1807 2726 in·

1068 2741 1155 2785 opia
1181 2758 1224 2771 -—-
1251 2740 1506 2785 allgemeiner,
1541 2738 1809 2784 vollstandiger

1068 2787 1227 2833 Mangel.

1115 2839 1145 2870 3.
1183 2836 1332 2879 equitem
1368 2833 1592 2877 marcescere]
1633 2831 1705 2877 vgl.
1745 2831 1807 2876 23,

1067 2886 1122 2924 45,
1156 2887 1175 2916 2
1207 2892 1397 2916 marcere
1424 2880 1612 2923 Campana
1645 2881 1806 2915 luaeuria.

1066 2928 1125 2972 33,
1147 2933 1201 2971 45,
1225 2933 1243 2962 7
1269 2938 1532 2962 marcescere
1552 2948 1594 2952 —
1616 2927 1807 2962 civitatem.
