1953 3278
131 177 159 194 a.
180 170 231 195 (111.
253 170 311 194 κυσὶ.
332 169 391 194 205.
623 156 767 192 LIBER
794 156 958 192 XXVIII.
1003 156 1104 192 CAP.
1131 159 1186 191 38.
1626 153 1680 193 83

133 267 302 322 argenti
333 279 537 321 magnum
569 280 805 307 numerum.
866 265 1037 306 comitia
1075 264 1171 305 inde
1205 262 1396 305 creandis
1434 260 1679 303 consulibus
1707 275 1726 304 c

134 325 287 367 habuit
320 324 364 366 L.
397 324 601 366 Veturius
636 324 779 378 Philo,
817 324 1116 377 centuriaeque
1157 336 1303 364 omnes
1336 320 1504 376 ingenti
1535 320 1680 360 favore

131 384 176 426 P.
196 382 439 438 Scipionem
472 383 688 424 consulem
721 383 935 436 dixerunt3
968 382 1132 436 collega
1165 381 1334 421 additur
1366 381 1403 421 ei
1429 379 1473 420 P.
1493 377 1681 419 Licinius

131 442 310 484 Crassus
356 442 549 496 pontifex
593 442 814 482 maximus.
889 443 1077 481 ceterum
1123 440 1297 480 comitia
1348 439 1509 480 maiore
1554 450 1680 491 quam
1708 450 1726 479 τ

129 502 218 543 ulla
256 515 331 555 per
369 501 409 542 id
448 501 606 542 bellum
650 500 863 541 celebrata
906 498 1148 552 frequentia
1192 497 1409 550 proditum
1454 495 1680 537 memoriae

130 562 211 602 est:
257 562 541 601 convenerant
583 558 767 611 undique
810 571 896 598 non
942 556 1200 610 suffragandi
1247 555 1389 609 modo,
1437 555 1508 596 sed
1553 554 1679 595 etiam
1706 567 1727 598 8

131 619 353 673 spectandi
392 633 520 660 causa
557 616 600 658 P.
633 615 843 670 Scipionis
883 615 1275 668 concurrebantque
1315 618 1357 655 et
1396 614 1569 654 domum
1600 613 1680 653 fre-

131 681 308 732 quentes
349 680 391 718 et
428 678 471 717 in
503 675 766 728 Capitolium
806 673 858 714 ad
897 674 1191 715 immolantem
1231 687 1344 726 eum,
1385 687 1480 714 cum
1512 674 1680 713 centum

128 736 268 778 bubus
314 737 427 777 votis
473 735 516 775 in
560 732 770 787 Hispania
809 731 901 774 Iovi
952 732 1226 784 sacrificaret,
1276 730 1681 785 despondebantque
1708 744 1727 774 9

128 795 296 848 animis,
329 795 438 836 sicut
470 791 514 834 C.
542 791 739 833 Lutatius
772 791 965 846 superius
992 790 1152 832 bellum
1178 790 1384 832 Punicum
1410 790 1587 842 finisset,
1619 790 1681 830 ita

128 853 170 894 id
211 853 323 908 quod
361 852 544 893 instaret
580 849 624 892 P.
664 849 907 892 Cornelium
945 850 1183 903 finiturum,
1216 853 1342 904 atque
1374 849 1437 890 uti
1468 847 1681 902 Hispania
1710 863 1752 892 10

131 912 246 953 omni
280 911 444 952 Poenos
477 909 730 963 expulisset,
763 910 822 951 sic
853 908 980 950 Italia
1010 909 1231 963 pulsurum
1264 923 1373 962 esse,
1407 907 1681 961 Africamque

129 971 181 1024 ei,
202 969 378 1024 perinde
399 983 447 1010 ac
468 968 725 1010 debellatum
751 969 796 1009 in
815 967 943 1009 Italia
962 967 1084 1019 foret,
1110 967 1375 1022 provinciam
1397 966 1680 1007 destinabant.

125 1029 341 1083 praetoria
377 1028 475 1069 inde
515 1027 689 1069 comitia
726 1027 886 1068 habita.
953 1028 1085 1068 creati
1123 1026 1225 1080 duo,
1270 1027 1342 1081 qui
1386 1029 1477 1067 tum
1523 1024 1680 1066 aediles
1711 1040 1748 1069 11

124 1088 262 1142 plebis
297 1090 430 1140 erant,
463 1085 533 1141 Sp.
559 1085 780 1127 Lucretius
814 1089 856 1127 et
888 1084 965 1127 Cn.
991 1085 1207 1139 Octavius,
1239 1088 1281 1126 et
1313 1100 1363 1127 ex
1395 1084 1573 1139 privatis
1605 1082 1680 1125 Cn.

126 1145 329 1188 Servilius
361 1145 522 1199 Caepio
556 1148 598 1186 et
630 1144 674 1185 L.
707 1145 913 1186 Aemilius
945 1144 1097 1199 Papus.

247 1205 409 1254 Quarto
451 1204 613 1246 decimo
654 1218 764 1245 anno
797 1203 949 1245 Punici
986 1203 1088 1244 belli
1127 1202 1172 1243 P.
1206 1201 1428 1244 Cornelius
1462 1200 1605 1255 Scipio
1639 1204 1680 1242 et
1710 1218 1752 1248 12

131 1263 176 1305 Ρ.
209 1263 395 1305 Licinius
428 1262 609 1305 Crassus
640 1266 689 1304 ut
721 1263 992 1304 consulatum
1024 1262 1223 1314 inierunt,
1255 1261 1500 1302 nominatae
1532 1275 1679 1302 consu-

128 1323 242 1364 libus
275 1323 519 1377 provinciae
552 1323 664 1374 sunt,
697 1319 841 1362 Sicilia
868 1320 1056 1375 Scipioni
1089 1323 1207 1361 extra
1234 1322 1391 1361 sortem
1425 1320 1679 1362 concedente

126 1381 311 1436 collega,
357 1381 458 1436 quia
503 1394 717 1422 sacrorum
763 1394 864 1421 cura
907 1379 1154 1433 pontificem
1195 1379 1428 1420 maximum
1472 1379 1516 1420 in
1552 1378 1680 1420 Italia

124 1441 349 1493 retinebat,
381 1439 540 1481 Bruttii
569 1437 736 1481 Crasso.
786 1441 877 1479 tum
909 1438 1150 1493 praetoriae
1175 1438 1419 1492 provinciae
1450 1437 1495 1478 in
1521 1439 1679 1479 sortem
1708 1455 1749 1485 13

124 1499 352 1541 coniectae.
414 1498 578 1540 urbana
611 1496 685 1539 Cn.
713 1496 890 1539 Servilio
923 1497 1092 1551 obtigit,
1124 1496 1367 1537 Ariminum
1401 1521 1454 1525 —
1487 1496 1547 1537 ita
1575 1496 1674 1538 Gal-

993 1649 1030 1682 id
1073 1649 1167 1692 quod
1206 1648 1372 1692 instaret]

944 1695 1077 1739 w'artig
1104 1694 1394 1737 anstehenden“;
1427 1705 1498 1730 von
1522 1693 1680 1739 Dingen,

944 1742 1003 1776 die
1047 1742 1143 1776 noch
1186 1741 1313 1776 nicht
1356 1742 1549 1777 beendet
1587 1743 1680 1786 sind,

943 1789 1021 1824 also
1053 1789 1164 1824 deren
1195 1789 1438 1833 Fortsetzung
1472 1789 1546 1823 und
1578 1788 1680 1824 Ende

941 1837 1035 1871 noch
1061 1836 1681 1880 bevorsteht;vg1.9.1‚11hoc

941 1885 1036 1928 quod
1061 1885 1173 1918 instat
1199 1884 1366 1926 (bellum).
1393 1882 1453 1924 ⁶28,
1479 1887 1535 1925 44,
1564 1887 1606 1918 16
1631 1884 1681 1919 ad

122 1650 172 1684 im
207 1649 415 1694 Gcgensatz
448 1661 490 1683 zu
524 1649 596 1683 den
630 1649 669 1682 in
695 1648 864 1683 Gewicht
1412 1648 1511 1690 „den
1545 1659 1680 1693 gegen—

121 1697 275 1741 (pondo)
309 1697 576 1741 angegebenen
605 1696 870 1730 Metallbarren

125 1744 274 1779 werden
301 1743 359 1778 die
387 1742 662 1778 stfickweise
689 1743 870 1787 gezahl-

121 1794 198 1826 ten
223 1791 382 1826 Mi'inzen
407 1790 477 1825 mit
502 1801 673 1825 numeras
705 1790 870 1824 bezeich-

125 1840 189 1873 net
214 1855 258 1867 =
286 1837 504 1880 Stfiekzahl;
533 1837 608 1881 vgl.
629 1848 659 1871 c.
681 1841 738 1879 45,
768 1840 821 1871 18.

172 1900 202 1931 6.
232 1896 277 1930 Ρ.
298 1896 471 1931 Licinius
498 1917 540 1921 —
561 1896 732 1940 pontifex
750 1897 866 1929 maasi-

124 1943 218 1989 mus]
259 1943 425 1978 derselbe
456 1942 622 1978 verband
654 1943 764 1977 somit
801 1942 866 1977 das

124 1991 278 2025 hochste
293 1989 488 2035 geistliche
504 1990 573 2024 mit
590 1989 672 2024 dem
687 1989 867 2024 hochsten

125 2037 338 2072 weltlichen
363 2036 490 2080 Amte,
521 2048 596 2072 was
628 2037 667 2071 in
695 2036 866 2071 fn‘iheren

124 2084 251 2119 Zeiten
276 2084 488 2119 vermieden
513 2084 625 2119 ward.

171 2147 201 2177 7.
227 2144 372 2178 comitia
387 2163 429 2168 —-
445 2143 621 2177 celebrata
639 2143 860 2188 frequentia]

121 2191 300 2225 celebrata
319 2190 370 2224 im
391 2190 640 2235 eigentlichen
662 2189 771 2224 Sinne
791 2190 864 2235 vgl.

120 2237 155 2278 5,
182 2241 235 2278 11,
257 2241 277 2271 9
296 2237 500 2281 frequentia
525 2238 669 2272 urbana
690 2238 866 2272 celebrare

121 2285 290 2320 actiones.

168 2346 199 2377 8.
227 2343 276 2377 ad
300 2343 541 2377 immolantem
560 2343 655 2388 eum]
681 2355 744 2377 zur
763 2343 863 2378 Wie-

121 2388 329 2434 derholung
354 2390 418 2424 des
440 2389 594 2434 Objekts
620 2389 719 2424 beim
740 2390 859 2425 Parti-

121 2436 181 2481 cip
207 2447 235 2472 c.
263 2440 296 2479 2,
322 2440 342 2471 5
371 2437 410 2470 in
435 2447 588 2480 eyressos
611 2438 708 2472 vallo
734 2448 800 2472 eos.

167 2499 307 2530 centum
339 2494 470 2540 bubus]
503 2494 583 2529 eine
607 2495 859 2538 Hekatombe3

118 2541 195 2576 Liv.
222 2541 428 2576 vermeidet
463 2541 522 2576 die
559 2541 860 2578 Heriibernahme

120 2589 184 2624 des
210 2588 466 2634 griechischen
491 2588 770 2624 Fremdwortes.

170 2640 202 2671 9.
234 2636 567 2681 despondebantque
598 2636 745 2681 animis]
782 2637 858 2679 „sie

119 2683 257 2728 hegten
283 2684 348 2718 das
375 2682 516 2717 sichere
537 2682 752 2725 Zutrauen“,
787 2683 858 2728 eig.

119 2731 367 2775 versprachen
405 2740 442 2764 es
485 2729 563 2764 sich
601 2729 733 2771 selbst3
778 2729 858 2764 eine

119 2777 377 2822 Bezeichnung
414 2777 478 2811 der
514 2776 690 2811 festesten
726 2776 858 2811 Zuver-

121 2823 233 2867 sicht3
277 2824 347 2858 mit
385 2823 467 2858 dem
500 2824 585 2858 Acc.
618 2835 646 2858 c.
680 2824 744 2859 inf.
785 2824 858 2868 vgl.

122 2869 163 2912 5,
190 2875 227 2914 5,
255 2875 275 2906 9
307 2872 388 2916 quis
420 2875 485 2913 est,
516 2872 579 2915 qui
608 2872 782 2915 spondeat
815 2891 858 2895 —

119 2919 268 2953 eumdem
292 2919 454 2953 animum
474 2921 599 2962 postea
623 2918 710 2961 fore.

940 1931 1068 1965 bellum
1087 1932 1182 1975 quod
1209 1932 1342 1973 instat;
1362 1930 1422 1964 bei
1442 1930 1519 1965 Liv.
1542 1931 1678 1976 haufig.

990 1993 1042 2024 10.
1070 1989 1224 2033 perinde
1255 1989 1312 2034 ae]
1345 1989 1497 2033 perinde
1527 2000 1570 2024 ac
1603 1989 1680 2024 und

938 2037 1033 2071 relat
1053 2036 1183 2070 stehen
1204 2036 1263 2070 bei
1276 2035 1355 2070 Liv.
1370 2035 1561 2071 mehrfach
1582 2036 1678 2071 ohne

937 2085 970 2118 si
994 2083 1045 2118 im
1072 2083 1183 2118 Sinne
1209 2094 1280 2118 von
1301 2084 1454 2127 perinde
1479 2094 1522 2118 ac
1546 2084 1578 2118 si
1602 2083 1678 2118 und

937 2131 1032 2165 velut
1056 2131 1108 2172 si;
1132 2130 1207 2175 vgl.
1238 2130 1269 2172 7,
1290 2135 1321 2173 3,
1347 2134 1366 2164 9
1387 2131 1540 2175 perinde
1564 2142 1607 2166 ac
1632 2151 1676 2157 —

937 2181 1078 2213 creatus
1101 2181 1197 2212 esset.

988 2240 1042 2271 12.
1065 2237 1273 2271 nominatae
1298 2256 1342 2260 —
1364 2237 1590 2283 provinciae]
1617 2237 1676 2273 die

938 2283 1142 2319 Provinzen
1168 2283 1319 2317 wurden
1345 2283 1536 2318 bestimmt
1561 2285 1676 2319 durch

938 2331 1008 2365 den
1029 2331 1154 2370 Senat;
1182 2341 1220 2364 es
1245 2329 1384 2365 konnte
1410 2331 1554 2366 danach
1579 2332 1675 2367 noch

937 2377 1017 2412 eine
1044 2377 1250 2421 Verlosung
1281 2377 1346 2412 der
1372 2388 1410 2412 so
1436 2378 1674 2413 bestimmten

935 2424 1136 2459 Provinzen
1173 2424 1356 2459 zwischen
1400 2425 1469 2460 den
1506 2425 1674 2460 Konsuln

935 2471 1162 2506 stattfinden.
1224 2470 1332 2506 Diese
1371 2483 1446 2507 war
1479 2472 1559 2507 hier
1593 2484 1673 2507 aus-

935 2519 1170 2563 geschlossen
1195 2520 1313 2562 (aetra
1337 2521 1488 2563 sortem).

981 2581 1033 2611 13.
1068 2578 1108 2611 in
1138 2580 1265 2612 sortem
1290 2578 1481 2623 coniectae]
1514 2578 1673 2621 „kamen

932 2636 1001 2705 {ur¹
1019 2624 1268 2705 ῑθτὲοεὲωςιῆ
1301 2625 1375 2669 vgl.
1402 2624 1460 2666 30,
1491 2629 1520 2666 1,
1547 2628 1578 2659 8.
1615 2628 1672 2668 27,

974 2728 1201 2773 Ariminum]
1212 2728 1276 2763 der
1283 2728 1471 2773 Hauptort
1478 2729 1672 2765 einesVer·

933 2775 1287 2819 waltungsbezirkes
1329 2775 1513 2811 erscheint
1549 2777 1670 2811 mehr·
1738 2783 1742 2787 '

932 2822 1015 2856 sach
1041 2822 1096 2857 als
1127 2822 1296 2856 ksirzeste
1323 2822 1580 2868 Bezeichnung
1605 2824 1669 2859 des

931 2869 1103 2904 Bezirkes
1135 2867 1266 2911 selbst;
1305 2868 1378 2914 vgl.
1407 2870 1472 2907 26,
1500 2874 1562 2913 28,
1590 2875 1610 2906 6
1639 2875 1671 2905 et

935 2915 974 2961 Q.
997 2915 1133 2951 Fulvio
1153 2915 1280 2960 Capua
1301 2917 1496 2960 provincia
1520 2918 1668 2954 decreta.

1335 2978 1386 3009 6*
