1953 3278
151 171 174 189 a.
196 163 246 189 Ch.
267 164 325 189 206.
642 152 785 187 LIBER.
812 152 974 188 XXVIII.
1019 152 1120 187 CAP.
1148 156 1202 186 24.
1641 150 1696 191 53

151 262 274 315 lecta,
306 264 347 302 et
378 275 463 302 non
496 260 615 314 nihil,
647 260 757 314 quod
790 261 834 302 in
867 260 1036 301 hostico
1069 260 1205 300 laxius
1238 262 1361 314 rapto
1394 258 1525 300 suetis
1558 257 1697 299 vivere

154 321 330 362 artiores
362 319 404 360 in
438 333 539 373 pace
571 334 638 360 res
671 323 800 361 erant.
852 333 900 360 ac
931 319 1069 373 primo
1104 333 1319 359 sermones
1346 320 1515 358 tantum
1543 317 1698 357 occulti
1726 329 1744 358 7

153 378 420 420 serebantur:
460 379 494 419 si
528 379 685 419 bellum
725 379 768 419 in
801 377 1021 432 provincia
1055 380 1183 430 esset,
1222 377 1321 430 quid
1362 390 1452 417 sese
1484 376 1597 417 inter
1628 389 1699 429 pa-

151 439 267 479 catos
300 436 467 478 facere?
531 437 565 478 si
599 437 854 478 debellatum
893 436 977 476 iam
1016 439 1059 476 et
1091 438 1284 476 confecta
1323 435 1541 489 provincia
1579 436 1702 488 esset,

151 510 224 537 cur
267 496 311 536 in
355 495 524 536 Italiam
569 510 654 537 non
698 494 868 535 revehi?
944 494 1185 547 flagitatum
1231 507 1397 548 quoque
1442 493 1700 547 stipendium
1727 503 1747 533 8

149 555 369 609 procacius
398 569 524 609 quam
554 569 602 595 ex
628 567 745 595 more
774 555 817 593 et
842 551 1051 594 modestia
1078 552 1254 592 militari
1283 556 1383 604 erat,
1416 556 1457 592 et
1484 552 1535 593 ab
1564 555 1700 593 custo-

151 613 274 654 dibus
306 613 466 667 probra
496 614 539 653 in
574 611 873 654 circumeuntis
906 611 1076 665 vigilias
1110 610 1307 652 tribunos
1339 611 1470 663 iacta,
1503 613 1544 651 et
1575 613 1701 652 noctu

151 671 325 726 quidam
358 672 607 725 praedatum
644 670 686 710 in
723 683 870 724 agrum
912 669 1022 710 circa
1054 672 1255 722 pacatum
1288 669 1441 722 ierant,
1484 672 1701 723 postremo

151 730 333 772 interdiu
366 745 413 771 ac
444 729 666 783 propalam
700 728 790 769 sine
823 731 1061 770 commeatu
1101 728 1154 769 ab
1195 728 1328 782 signis
1362 728 1552 769 abibant.
1616 742 1701 769 om·
1728 739 1747 768 s

149 789 222 830 nia
258 789 432 830 libidine
472 802 521 828 ac
558 787 729 828 licentia
767 787 969 841 militum,
1008 786 1117 827 nihil
1157 787 1356 827 instituto
1396 800 1444 827 ac
1477 786 1703 840 disciplina

151 847 333 889 militiae
367 849 440 887 aut
471 847 650 900 imperio
685 860 849 899 eorum,
882 846 952 900 qui
986 848 1230 900 praeerant,
1263 845 1501 900 gerebatur.
1563 845 1703 886 forma
1731 856 1772 887 10

150 909 291 947 tamen
324 905 616 946 Romanorum
650 907 886 946 castrorum
919 905 1147 946 constabat
1184 919 1267 945 una
1301 919 1349 945 ea
1380 918 1442 958 re,
1480 903 1591 958 quod
1629 904 1702 945 tri-

149 964 297 1017 bunos,
323 978 372 1004 ex
393 964 652 1019 contagione
672 964 828 1005 furoris
849 963 962 1004 haud
982 964 1167 1017 expertis
1189 963 1410 1004 seditionis
1431 963 1702 1004 defectionis-

147 1036 227 1077 que
260 1023 343 1063 rati
375 1022 476 1076 fore,
510 1025 552 1064 et
583 1023 676 1064 iura
702 1022 873 1064 reddere
899 1023 943 1063 in
970 1022 1189 1077 principiis
1219 1022 1429 1076 sinebant,
1463 1026 1504 1063 et
1531 1023 1701 1076 signum

146 1173 343 1216 zuzieht;
370 1174 442 1218 vgl.
470 1174 535 1215 21,
563 1178 624 1213 48,
654 1178 695 1208 10
722 1179 761 1209 ut
786 1175 887 1216 fama

146 1221 349 1256 clementiae
375 1241 418 1246 -—
445 1222 678 1266 colligyeretur.

193 1271 298 1313 rapto
318 1269 428 1303 suetis
440 1269 572 1314 vivere]
594 1269 653 1311 27,
670 1272 723 1310 12,
741 1272 760 1303 5
780 1272 887 1312 rapto

145 1316 261 1349 vivere
273 1315 457 1350 hominum
471 1316 712 1350 adsuetorum.
731 1315 856 1359 30,13,
867 1319 885 1350 7

145 1362 308 1404 ferarum
332 1363 435 1397 modo
460 1363 502 1396 in
520 1363 622 1397 sili-is
640 1366 746 1407 rapto
765 1363 887 1398 viven-

146 1410 193 1443 tis
219 1409 348 1444 deutet
372 1410 431 1444 die
457 1409 653 1444 hierdurch
673 1410 888 1455 notwendig

145 1456 374 1491 eintretende
399 1455 681 1502 Verwilderung
706 1468 762 1491 an.

193 1515 316 1549 laxius
342 1536 383 1540 ——
411 1516 564 1551 artiores
588 1515 657 1560 res]
687 1515 888 1559 „reichlich

143 1582 189 1587 —
209 1561 370 1606 knapp“,
397 1563 542 1607 haufige
569 1562 795 1606 Gegensatze
814 1573 886 1597 von

142 1608 342 1652 bequemer
372 1610 461 1644 oder
495 1609 766 1654 mangelhafter
796 1609 885 1644 Ver-

143 1656 335 1701 pflegung;
362 1657 436 1701 vgl.
458 1657 493 1700 2,
514 1661 570 1700 34,
590 1661 610 1691 5
632 1657 672 1691 in
697 1660 771 1691 tam
794 1658 886 1691 artis

142 1704 403 1739 commeatibus.
424 1704 548 1748 26,20,
559 1707 579 1738 8
591 1705 759 1739 artiorem
774 1715 885 1739 anno-

143 1761 239 1785 nam.
279 1750 313 1794 2,
335 1754 390 1795 52,
413 1755 430 1785 1
459 1752 579 1786 laxior
606 1772 648 1776 —
677 1761 836 1786 annona.

191 1814 222 1845 7.
248 1820 424 1845 sermones
444 1830 486 1835 -—
508 1811 638 1845 occulti
656 1810 882 1856 serebantur]

143 1868 254 1900 „man
273 1857 374 1902 pflog
398 1856 568 1902 geheime
589 1856 883 1902 Zwiesprache“;

143 1904 217 1948 vgl.
251 1915 281 1938 c.
314 1907 377 1946 25,
416 1908 436 1938 5
481 1914 654 1939 sermones
693 1905 885 1939 serentium

143 1952 305 1986 circulos.
357 1950 423 1995 24,
456 1955 520 1992 31,
553 1955 573 1986 3
609 1952 799 1996 conloquia
834 1962 883 1986 se-

141 1999 255 2033 rendi.
309 2009 337 2033 0.
364 2002 426 2042 32,
453 2002 474 2032 4
499 1999 777 2043 serebanturque
802 2009 883 2033 con-

142 2046 273 2089 quuia.
324 2045 365 2087 3,
395 2049 454 2089 17,
483 2049 525 2080 10
555 2056 731 2080 sermones
758 2056 881 2081 serere.

143 2092 202 2136 10,
225 2096 279 2136 19,
300 2095 320 2127 8
342 2093 520 2128 orationes
545 2104 666 2127 serere.
705 2092 765 2136 34,
787 2096 842 2136 61,
864 2097 883 2127 7

141 2143 273 2175 secreta
306 2140 497 2184 conloquia
527 2151 650 2174 serere.
710 2140 747 2183 7,
775 2144 835 2182 39,
863 2144 882 2174 6

142 2188 227 2222 haec
253 2207 296 2212 -—
323 2188 470 2222 occultis
494 2187 718 2222 sermonibus
749 2191 882 2222 serunt.

191 2248 223 2280 8.
249 2256 293 2280 ea:
323 2256 418 2280 more
443 2249 475 2280 et
506 2246 678 2281 modestia
709 2246 879 2292 militari]

144 2292 433 2327 allitterierende
457 2292 708 2338 Verbindung,
734 2293 805 2328 wie
831 2292 882 2328 sie

143 2339 369 2374 namentlich
406 2339 468 2375 bei
509 2341 883 2375 stammverwandten

144 2386 299 2421 Worten
325 2386 466 2431 geliebt
483 2387 592 2430 wird;
617 2388 690 2432 vgl.
717 2391 736 2429 ξ
758 2391 777 2422 9
805 2388 884 2422 libi-

143 2433 228 2468 dine
247 2443 290 2467 ac
314 2433 461 2468 licentia
479 2446 512 2468 u.
534 2435 612 2469 sine
629 2435 731 2469 modo
751 2446 794 2469 ac
812 2446 882 2470 mo-

143 2480 259 2515 destia
284 2479 344 2523 26,
364 2483 421 2523 48,
444 2484 496 2516 11.
535 2482 686 2516 modeste
705 2493 747 2516 ac
769 2483 883 2517 mode-

142 2530 220 2562 rate
238 2526 299 2570 30,
314 2530 370 2570 42,
387 2531 440 2562 14.
466 2528 650 2563 immodice
668 2529 882 2564 immodeste-

142 2585 208 2619 que
233 2573 300 2618 22,
327 2578 389 2618 27,
417 2578 448 2609 2.

188 2634 230 2668 in
255 2634 509 2668 circumeuntis
527 2634 690 2680 viyilias]
719 2635 882 2679 „welche

142 2679 202 2715 die
212 2681 379 2715 Wachen
393 2680 632 2724 abschritten,
653 2682 882 2726 abgingen“;

142 2728 332 2763 circumire
351 2744 395 2756 =
415 2728 474 2762 die
494 2727 624 2762 Runde
644 2729 813 2771 machen,
835 2729 884 2763 ist

141 2774 374 2810 technischer
405 2775 599 2809 Ausdruck
632 2775 696 2809 der
727 2775 882 2810 Militar-

143 2822 313 2866 spmche,
352 2821 464 2857 meist
494 2822 543 2856 ist
572 2822 649 2856 dies
677 2821 793 2856 Sache
819 2821 884 2857 der

140 2867 277 2913 Ritter,
313 2869 386 2914 vgl.
421 2868 486 2914 22,
522 2874 558 2913 1,
592 2873 613 2904 8
649 2870 884 2904 circumeunti

141 2916 287 2959 viyilias
312 2917 433 2960 equiti.

1006 1175 1083 1208 sine
1121 1174 1331 1219 commeatu]
1370 1174 1487 1216 „ohne
1519 1172 1701 1215 Urlaub⁵‘;

960 1221 1048 1255 aber
1086 1220 1140 1255 als
1177 1220 1304 1255 Plura]
1343 1221 1408 1264 23,
1452 1224 1510 1263 18,
1545 1225 1588 1255 16
1625 1221 1703 1255 sine

959 1269 1220 1303 commeatibus.
1254 1267 1313 1310 33,
1331 1272 1385 1312 29,
1400 1272 1422 1302 4
1441 1269 1481 1302 in
1502 1268 1701 1302 commeari-

960 1316 1026 1350 bus
1051 1319 1170 1358 erant,
1198 1316 1271 1360 vgl.
1299 1326 1328 1349 c.
1358 1319 1388 1359 7,
1418 1319 1471 1350 16.

1009 1378 1039 1408 9.
1067 1375 1217 1419 imperio
1243 1385 1375 1417 corum,
1401 1377 1465 1418 qui
1485 1373 1699 1418 praeerant]

960 1422 1126 1465 gemeint
1165 1421 1246 1455 sind
1292 1420 1350 1455 die
1388 1420 1703 1455 Militartribunen

961 1471 1005 1510 (c.
1034 1472 1095 1510 27,
1123 1470 1194 1513 14),
1236 1468 1293 1502 die
1320 1469 1408 1503 aber
1438 1468 1526 1502 kein
1553 1467 1700 1511 eigenes

960 1516 1151 1560 imperium
1190 1516 1328 1558 haben,
1368 1515 1527 1550 sondern
1564 1526 1633 1549 nur
1662 1514 1702 1548 in

961 1562 1272 1607 Stellvertretung
1292 1563 1355 1597 des
1375 1563 1577 1597 Feldherrn
1598 1561 1701 1596 kom-

958 1610 1185 1645 mandieren.

1006 1673 1061 1704 10.
1087 1680 1130 1704 ex
1162 1669 1373 1714 contayione
1406 1668 1561 1714 furoris]
1599 1668 1700 1710 „ihre

958 1715 1219 1751 Leidenschaft
1238 1716 1362 1750 wfirde
1383 1716 1460 1750 sich
1484 1716 1592 1761 jenen
1615 1715 1701 1750 mit-

957 1763 1074 1798 teilen
1104 1764 1178 1798 und
1211 1763 1262 1798 sie
1295 1774 1357 1797 zur
1390 1763 1608 1797 Teilnahme
1640 1773 1700 1796 am

956 1810 1161 1845 Aufstande
1194 1810 1474 1852 veranlassen“;
1514 1809 1578 1844 das
1611 1809 1700 1843 Ver-

956 1858 1088 1892 weilen
1119 1858 1227 1892 unter
1252 1858 1363 1892 ihnen
1396 1857 1520 1892 warde
1554 1857 1605 1891 sie
1633 1856 1700 1891 all-

956 1904 1120 1939 111011Ιίοὴ
1171 1917 1234 1939 zur
1286 1904 1437 1939 a-ktiven
1481 1903 1699 1938 Teilnahme

958 1951 1124 1996 bringeri.

1005 2011 1194 2046 seditionis
1235 2010 1526 2055 defectionisque]
1559 2010 1698 2053 seditio,

957 2058 1040 2092 weil
1072 2057 1138 2092 der
1168 2056 1352 2091 Anfstand
1384 2057 1464 2092 eine
1492 2057 1699 2101 Verweige-

955 2116 1050 2149 rung
1077 2105 1140 2139 des
1168 2104 1388 2139 Gehorsams
1415 2115 1506 2147 wal-3
1537 2105 1698 2147 defectio,

956 2151 1041 2186 weil
1068 2151 1120 2186 sie
1146 2163 1217 2187 von
1244 2152 1361 2186 ihrein
1389 2151 1543 2196 eigenen
1570 2151 1698 2186 Vater-

956 2199 1065 2233 lande
1092 2199 1265 2240 abfielen;
1300 2199 1373 2243 vgl.
1401 2211 1430 2235 c.
1459 2202 1514 2242 27,
1542 2203 1563 2232 4
1588 2199 1651 2243 qui
1676 2210 1699 2233 a

950 2247 1080 2290 patria
1104 2250 1222 2281 vestra
1247 2246 1418 2281 descistis.

1003 2306 1091 2340 iura
1116 2306 1278 2351 reddere]
1306 2306 1449 2350 „Recht
1476 2305 1697 2350 sprechen“;

957 2353 1134 2388 terminus
1154 2353 1358 2395 technicus;
1375 2353 1448 2397 vgl.
1463 2353 1495 2396 7,
1513 2356 1543 2395 1,
1560 2356 1580 2387 6
1592 2363 1697 2395 prae—

957 2404 1065 2435 torem
1109 2402 1195 2435 iura
1231 2401 1443 2435 reddentem.
1494 2400 1533 2442 1,
1567 2403 1629 2441 41,
1664 2403 1695 2433 5.

956 2446 996 2489 3,
1024 2451 1085 2490 33,
1112 2451 1132 2481 8
1165 2448 1224 2482 ius
1255 2448 1460 2482 reddebant.
1505 2446 1565 2489 31,
1593 2450 1648 2489 29,
1676 2450 1695 2480 9

955 2495 1111 2538 superba
1141 2496 1227 2529 iura
1258 2495 1475 2537 reddentem,
1511 2494 1605 2529 auch
1638 2495 1697 2527 ius

955 2542 1072 2576 dicere
1097 2541 1130 2585 2,
1151 2545 1206 2583 27,
1230 2545 1282 2576 10.
1313 2541 1353 2584 3,
1375 2545 1431 2585 52,
1453 2545 1483 2576 6.
1511 2541 1545 2584 6,
1573 2545 1628 2581 31,
1655 2544 1692 2582 4;

956 2589 1122 2633 dagegen
1148 2590 1232 2623 iura
1259 2590 1355 2623 dedit
1375 2606 1419 2617 =
1440 2588 1592 2623 Gesetze
1614 2598 1692 2622 ver-

954 2635 1089 2680 leihen,
1117 2636 1278 2670 erlassen
1305 2636 1339 2678 1,
1366 2639 1397 2680 8,
1428 2639 1456 2670 1.

1002 2683 1044 2716 in
1059 2683 1273 2728 principiis]
1295 2694 1341 2717 an
1362 2685 1445 2716 dem
1459 2681 1575 2716 freien
1588 2680 1693 2715 Platz

955 2740 1020 2764 vor
1031 2729 1113 2763 dem
1122 2729 1235 2763 Feldh
1241 2730 1415 2764 errnzelte
1426 2729 1692 2773 (praetorium),

955 2786 1013 2810 wo
1039 2776 1103 2809 das
1129 2776 1323 2819 Tribunal,
1356 2776 1415 2810 die
1440 2775 1591 2810 Fahnen
1616 2774 1691 2809 und

956 2822 1049 2856 auch
1094 2822 1152 2856 die
1192 2823 1292 2857 Zelte
1329 2822 1486 2857 hoherer
1525 2822 1691 2856 Offiziere

955 2869 1127 2913 standen,
1161 2868 1261 2904 ffihrt
1288 2869 1346 2904 die
1371 2872 1433 2904 ria
1458 2869 1690 2913 principalis,

956 2916 1050 2951 auch
1082 2918 1273 2961 principia
1310 2918 1488 2962 genannt,
1522 2915 1689 2959 voriiber,
