1953 3278
186 1102 205 1132 6
234 1102 370 1142 posse.

166 1449 214 1485 32

238 158 291 198 70
691 158 835 193 LIBER
861 158 1022 193 XXVIII.
1068 158 1168 194 CAP.
1195 164 1250 196 31.
1277 165 1332 197 32.

1620 180 1644 198 a.
1664 180 1694 198 u.
1715 173 1778 199 543.

235 281 351 320 nem,
396 281 513 321 spem
553 266 604 306 ad
643 266 816 306 inritum
858 266 1091 320 redactam,
1135 281 1216 321 qua
1254 270 1479 324 venissent,
1522 271 1685 312 nuntiis
1731 271 1783 312 ad

191 334 209 365 2
236 325 280 367 L.
314 325 519 366 Marcium
552 324 713 377 missis,
750 324 833 365 nisi
873 325 907 365 si
939 327 1072 366 terere
1109 325 1269 368 frustra
1306 330 1472 383 tempus
1512 329 1696 371 sedendo
1730 328 1782 370 ad

238 383 366 425 Gadis
406 383 580 435 vellent,
624 382 884 424 redeundum
930 383 982 424 ad
1019 384 1321 437 imperatorem
1364 401 1472 441 esse,
1517 388 1783 430 adsentiente

189 453 209 484 3
237 442 398 483 Marcio
430 455 589 494 paucos
621 443 718 495 post
750 441 838 483 dies
871 442 996 484 ambo
1027 440 1331 498 Carthaginem
1363 445 1535 488 rediere.

1597 446 1649 487 ad
1682 461 1783 501 quo-

235 515 327 541 rum
361 500 593 541 discessum
625 514 709 541 non
743 501 969 555 respiravit
1000 501 1126 543 modo
1160 501 1301 557 Mago,
1333 517 1425 544 cum
1453 507 1567 546 terra
1593 507 1782 560 marique

235 558 409 612 ancipiti
442 560 556 600 metu
589 564 822 614 urgeretur,
856 559 928 601 sed
961 560 1089 601 etiam
1122 561 1267 603 audita
1299 562 1527 604 rebellione
1553 562 1783 618 Ilergetum

234 631 353 670 spem
385 617 694 672 recuperandae
728 618 962 673 Hispaniae
994 622 1173 661 nanctus
1200 621 1374 662 nuntios
1400 619 1705 676 Carthaginem
1732 621 1785 664 ad

188 686 207 717 4
234 678 428 717 senatum
467 677 618 730 mittit,
659 678 729 731 qui
769 677 895 719 simul
933 678 1185 720 seditionem
1225 680 1390 720 civilem
1431 680 1473 721 in
1514 681 1664 722 castris
1702 681 1784 722 Ro-

233 735 384 788 manis,
417 735 543 776 simul
574 736 856 778 defectionem
889 737 1101 779 sociorum
1133 738 1177 778 in
1204 739 1340 779 maius
1367 739 1506 780 verbis
1533 739 1785 781 extollentes

233 793 524 847 hortarentur,
563 796 609 835 ut
642 795 799 836 auxilia
832 796 1068 848 mitterent,
1112 796 1262 850 quibus
1296 797 1501 839 traditum
1535 813 1560 839 a
1591 798 1784 852 patribus

232 852 458 906 imperium
492 853 726 907 Hispaniae
758 855 892 907 repeti
925 857 1082 908 posset.

351 910 607 953 Mandonius
647 916 688 954 et
728 912 923 954 Indibilis
962 913 1004 954 in
1046 914 1143 954 finis
1184 916 1365 969 regressi
1405 915 1640 970 paulisper,
1685 915 1784 957 dum

235 970 440 1024 quidnam
473 970 522 1011 de
556 971 766 1013 seditione
799 974 1061 1013 statueretur
1093 973 1262 1026 scirent,
1295 975 1488 1028 suspensi
1523 975 1786 1028 quieverunt,

233 1029 266 1070 si
290 1029 445 1070 civium
467 1030 598 1071 errori
624 1030 929 1085 ignosceretur,
955 1045 1042 1072 non
1069 1030 1310 1073 diffidentes
1332 1033 1413 1074 sibi
1434 1046 1601 1087 quoque
1623 1033 1786 1089 ignosci

431 1091 657 1143 postquam
685 1090 861 1145 vulgata
894 1092 959 1130 est
986 1089 1192 1131 atrocitas
1225 1090 1434 1144 supplicii,
1467 1106 1587 1132 suam
1621 1106 1787 1146 quoque

233 1161 388 1188 noxam
426 1149 518 1201 pari
558 1162 695 1202 poena
733 1149 1004 1190 aestimatam
1043 1148 1140 1203 rati,
1188 1151 1348 1191 vocatis
1387 1165 1533 1191 rursus
1572 1151 1624 1191 ad
1670 1165 1789 1192 arma

187 1221 205 1251 7
232 1206 511 1260 popularibus
558 1207 890 1262 contractisque,
936 1222 1042 1263 quae
1089 1210 1188 1249 ante
1234 1208 1490 1263 habuerant,
1535 1209 1707 1250 auxiliis
1745 1209 1789 1250 in

233 1263 492 1306 Sedetanum
524 1279 686 1321 agrum,
719 1266 790 1307 ubi
824 1266 1034 1321 principio
1067 1266 1316 1308 defectionis
1350 1268 1509 1309 stativa
1535 1267 1787 1322 habuerant,

234 1337 329 1365 cum
362 1324 514 1379 viginti
547 1325 721 1367 milibus
754 1326 945 1379 peditum
977 1325 1141 1367 duobus
1174 1326 1348 1368 milibus
1381 1327 1572 1381 equitum
1600 1329 1643 1368 et
1668 1327 1787 1381 quin-

235 1383 374 1436 gentis
407 1384 770 1426 transcenderunt.

354 1441 508 1496 Scipio,
541 1457 635 1484 cum
668 1443 750 1484 fide
784 1443 974 1486 solvendi
1006 1443 1165 1498 pariter
1192 1444 1389 1486 omnibus
1416 1445 1553 1486 noxiis
1584 1444 1790 1487 innoxiis-

234 1515 313 1555 que
353 1501 554 1555 stipendii
592 1504 683 1544 tum
723 1502 841 1544 vultu
883 1517 931 1544 ac
970 1516 1162 1544 sermone
1201 1503 1246 1544 in
1285 1504 1422 1544 omnis
1463 1504 1632 1557 placato
1665 1503 1790 1545 facile

233 1561 516 1602 reconciliatis
549 1561 732 1603 militum
764 1562 936 1615 animis,
975 1562 1223 1616 priusquam
1262 1564 1401 1603 castra
1440 1563 1492 1603 ab
1526 1561 1788 1617 Carthagine

186 1634 206 1665 2
234 1622 435 1672 moveret,
462 1620 660 1661 contione
688 1620 895 1662 advocata
923 1620 1068 1662 multis
1096 1621 1236 1662 verbis
1262 1621 1306 1662 in
1333 1621 1555 1675 perfidiam
1581 1621 1788 1663 rebellan-

186 1693 206 1726 3
232 1678 340 1719 tium
372 1679 616 1733 regulorum
642 1679 849 1733 invectus,
881 1694 1151 1734 nequaquam
1179 1679 1325 1721 eodem
1352 1680 1496 1721 animo
1525 1694 1568 1721 se
1600 1680 1660 1721 ire
1693 1694 1790 1734 pro-

232 1736 370 1778 fessus
398 1740 463 1778 est
488 1738 539 1778 ad
562 1738 861 1780 vindicandum
889 1739 931 1780 id
959 1739 1106 1790 scelus,
1134 1752 1217 1793 quo
1247 1738 1413 1780 civilem
1442 1753 1627 1780 errorem
1654 1754 1790 1794 nuper

232 1841 303 1876 den
337 1841 495 1876 Satzbau
528 1842 797 1886 schwerfallig3
831 1843 904 1888 vgl.
939 1843 973 1886 3,

232 1893 264 1933 3,
292 1893 311 1923 6
339 1901 371 1923 u.
399 1892 430 1923 ὅ.

280 1940 311 1971 2.
343 1937 419 1971 nisi
447 1937 494 1981 si]
527 1936 600 1981 vgl.
633 1936 693 1979 26,
726 1940 758 1980 3,
785 1941 804 1971 3
838 1938 912 1972 nisi
942 1938 975 1971 si

232 1994 326 2019 mors
355 1994 423 2018 sua
458 2004 500 2009 —
532 1985 686 2018 remedio
716 1985 847 2027 futura
877 1988 973 2019 esset.

233 2032 267 2074 6,
300 2035 355 2073 26,
390 2035 409 2065 5
447 2031 522 2065 nisi
554 2032 587 2065 si
617 2032 763 2075 quando
797 2052 838 2056 —
872 2043 976 2066 arma

232 2079 483 2122 acceperimus.
521 2079 596 2112 nisi
621 2079 670 2112 ist
692 2078 809 2123 vollig
829 2079 974 2113 Adverb

235 2125 429 2170 geworden
458 2142 499 2153 =
526 2125 658 2160 ausser.

282 2176 312 2207 3.
351 2173 400 2206 acl
430 2182 579 2216 quorum
613 2173 805 2207 discessum
840 2193 885 2197 —
923 2184 976 2208 re-

233 2219 413 2264 spiravit]
446 2220 494 2253 ad
521 2236 563 2248 --
591 2219 656 2253 auf
683 2219 974 2265 Veranlassung3

234 2267 307 2311 vgl.
325 2278 352 2301 c.
374 2270 431 2309 36,
454 2271 472 2300 5
500 2267 548 2300 acl
567 2277 661 2310 spem
681 2268 843 2301 novandi
857 2278 912 2302 res
933 2288 974 2292 ——

236 2314 378 2358 aliquid
403 2317 570 2348 moturos.
622 2313 672 2347 Zu
697 2315 878 2358 respirare
904 2315 975 2357 vgl.

235 2360 296 2403 26,
324 2364 379 2403 26,
411 2365 451 2394 11
479 2362 658 2405 respirare
683 2362 872 2396 civitatem.
918 2361 977 2406 27,

239 2412 292 2451 12,
323 2411 373 2443 12.
404 2408 464 2450 29,
492 2411 524 2449 4,
551 2412 572 2441 4
599 2409 653 2442 ita
678 2409 905 2452 respiratum.

283 2455 440 2499 ancipiti
459 2455 568 2500 metu]
591 2455 658 2489 wie
679 2458 794 2490 terror
814 2455 977 2490 bezeich-

233 2504 299 2537 net
340 2503 434 2536 auch
478 2505 590 2536 metus
633 2502 703 2537 den
742 2501 978 2547 Gegenstand

236 2550 326 2584 oder
339 2549 398 2584 die
413 2549 561 2591 Person,
582 2549 721 2584 welche
736 2550 874 2584 Furcht
898 2562 977 2585 ver-

236 2596 388 2639 anlasst,
416 2596 489 2641 vgl.
511 2595 545 2639 2,
567 2600 622 2638 20,
647 2601 667 2630 5
693 2600 787 2631 metu
813 2598 976 2641 ancipiti.

285 2647 315 2679 4.
343 2645 383 2678 in
403 2644 521 2678 maius
540 2644 655 2678 verbis
674 2644 891 2689 extollentes]
919 2643 978 2678 die

238 2690 589 2736 Substantivierung
597 2691 660 2725 des
669 2691 861 2726 neutralen
870 2691 979 2726 Kom-

238 2738 402 2782 parativs
429 2738 478 2772 im
501 2737 673 2782 Singular
697 2737 748 2773 ist
767 2737 903 2781 selten3
926 2738 981 2783 je-

240 2784 334 2820 doch
374 2788 458 2830 sagt
492 2785 569 2820 Liv.
601 2785 634 2828 4,
671 2789 699 2828 1,
733 2789 752 2820 5
791 2786 831 2819 in
862 2787 980 2820 maius

239 2834 402 2876 acceptis.
442 2831 502 2874 21,
523 2837 579 2876 32,
601 2837 619 2866 7
643 2833 779 2867 incerta
798 2834 839 2867 in
863 2834 982 2867 maius

238 2889 320 2913 vero
346 2880 444 2919 ferri.
474 2879 508 2923 4,
530 2883 626 2922 34,νῖ
648 2881 688 2914 in
707 2881 837 2921 maius,
862 2883 903 2914 ut
927 2880 980 2923 fit,

239 2926 461 2960 celebrantes.

1094 1854 1116 1877 a
1133 1843 1316 1886 patribus]
1343 1842 1420 1877 also
1440 1843 1552 1878 sehon
1579 1854 1644 1877 aus
1664 1843 1785 1877 friihe-

1046 1901 1104 1923 rer
1148 1889 1227 1923 Zeit
1277 1890 1331 1925 als
1375 1890 1440 1924 der
1483 1890 1546 1925 des
1595 1890 1790 1924 Hamilkar

1046 1936 1198 1971 Bai-kas.

1095 1987 1126 2018 5.
1159 1983 1340 2029 suspensi]
1379 1983 1543 2025 absolut,
1583 1984 1685 2018 sonst
1722 1983 1790 2018 mit

1048 2032 1096 2066 ad
1115 2031 1203 2066 oder
1222 2031 1291 2065 wie
1313 2030 1345 2073 1,
1367 2034 1422 2073 25,
1444 2034 1463 2064 2
1485 2032 1590 2066 erecti
1608 2032 1788 2076 suspensi-

1048 2089 1114 2123 que
1139 2079 1187 2112 in
1214 2095 1256 2107 =
1283 2079 1467 2123 gespannt
1493 2078 1564 2112 auf.

1096 2129 1126 2160 6.
1166 2125 1253 2169 pari
1279 2135 1398 2169 poena
1436 2125 1676 2170 aestimatam]
1704 2125 1787 2160 Abl.

1043 2174 1172 2218 pretii,
1218 2173 1290 2217 vgl.
1330 2171 1391 2214 40,
1430 2175 1484 2214 55,
1525 2175 1544 2206 3
1588 2182 1719 2216 mayno
1757 2175 1789 2207 te

1049 2220 1344 2262 aestimaturum;
1370 2219 1424 2253 als
1452 2229 1557 2253 wenn
1583 2219 1642 2254 die
1669 2218 1790 2253 Strafe

1051 2267 1253 2311 gleichsam
1279 2266 1360 2300 eine
1382 2266 1594 2310 Bezahlung
1621 2266 1708 2300 oder
1732 2266 1791 2301 ein

1051 2313 1343 2349 Schadenersatz
1372 2312 1430 2346 fiir
1461 2313 1531 2347 den
1565 2313 1695 2348 Frevel
1728 2313 1791 2348 sei.

1099 2370 1134 2396 c.
1149 2360 1209 2403 32,
1227 2364 1256 2394 1.
1282 2361 1352 2402 fide
1373 2360 1532 2395 solvendi
1552 2380 1594 2385 —
1615 2360 1789 2406 stipendi]

1052 2407 1190 2452 „durch
1213 2407 1272 2441 die
1293 2407 1685 2452 Gewissenhaftigkeit
1703 2407 1790 2452 (Un-

1051 2454 1339 2499 parteilichkeit)
1370 2454 1408 2488 in
1443 2454 1506 2489 der
1538 2454 1790 2500 Bezahlung“;

1051 2502 1124 2547 vgl.
1145 2502 1205 2545 21,
1233 2505 1264 2545 5,
1292 2505 1311 2536 5
1332 2502 1596 2546 praeteritoque
1613 2502 1792 2546 stipendio

1051 2560 1144 2584 eum
1168 2549 1261 2592 fide
1285 2549 1504 2584 eaesolvendo.

1097 2607 1254 2631 sermone
1281 2616 1322 2620 —
1344 2596 1508 2641 placato]
1545 2596 1648 2639 „eine
1674 2595 1789 2630 Rede-

1052 2643 1172 2687 weise,
1199 2654 1265 2678 aus
1290 2643 1449 2678 welcher
1474 2642 1581 2677 keine
1601 2642 1792 2687 Erregung

1053 2691 1157 2725 mehr
1189 2702 1233 2725 zu
1265 2689 1449 2725 erkennen
1481 2692 1594 2731 wal-“3
1630 2689 1703 2733 vgl.
1730 2688 1790 2732 22,

1054 2741 1109 2780 30,
1136 2741 1156 2772 5
1183 2741 1235 2781 tu,
1260 2747 1409 2782 quaeso,
1432 2737 1599 2781 placatus
1625 2756 1668 2760 —
1694 2737 1790 2771 ordi-

1053 2796 1114 2820 nes
1132 2795 1214 2820 suos
1239 2795 1406 2829 quemque
1431 2787 1544 2818 tenere
1568 2784 1708 2825 iubeas;
1736 2784 1789 2818 als

1054 2831 1249 2867 bleibende
1298 2830 1539 2875 Eigenschaft
1582 2842 1611 2864 c.
1658 2834 1719 2874 25,
1769 2834 1790 2865 4

1049 2879 1197 2923 placido
1220 2888 1387 2913 sermone.

1101 2930 1132 2961 3.
1165 2926 1301 2961 civilem
1332 2934 1483 2959 errorem
1519 2944 1556 2948 —
1590 2924 1791 2970 sanaverit]
