1953 3278
237 162 294 204 46
693 161 834 195 LIBER
863 160 1028 195 XXVIII.
1074 160 1175 196 CAP.
1204 165 1259 197 20.
1286 165 1340 198 21.

1639 181 1663 198 a.
1685 180 1713 197 u.
1733 174 1795 199 548.

357 269 633 312 Castulonem
666 266 763 307 inde
790 265 931 320 Scipio
965 268 1195 309 exercitum
1221 269 1348 323 ducit,
1380 284 1507 324 quam
1532 270 1681 312 urbem
1707 285 1796 312 non

237 328 419 383 Hispani
451 326 577 367 modo
611 339 845 378 convenae,
884 325 956 366 sed
988 326 1138 368 Punici
1177 327 1308 368 etiam
1347 329 1555 370 exercitus
1589 343 1639 370 ex
1671 329 1794 371 dissi-

192 400 210 429 9
240 390 341 442 pata
367 385 527 439 passim
552 383 657 438 fuga
681 384 890 438 reliquiae
915 384 1182 426 tutabantur.
1233 385 1305 426 sed
1331 386 1559 428 adventum
1581 385 1794 442 Scipionis

238 445 516 500 praevenerat
558 442 674 484 fama
718 443 849 484 cladis
894 442 1287 498 Iliturgitanorum,

1337 446 1558 499 terrorque
1601 446 1698 487 inde
1745 460 1793 488 ac

169 516 210 545 10
239 502 477 556 desperatio
516 501 752 556 invaserat,
790 505 832 542 et
871 502 915 546 in
957 502 1134 543 diversis
1177 503 1316 543 causis
1358 517 1454 544 cum
1493 504 1574 545 sibi
1613 505 1793 559 quisque

238 561 478 603 consultum
513 560 603 602 sine
637 561 814 602 alterius
846 563 1042 615 respectu
1074 561 1220 614 vellet,
1256 561 1396 615 primo
1435 562 1565 603 tacita
1607 563 1793 617 suspicio

235 619 383 660 deinde
422 621 571 673 aperta
602 619 815 661 discordia
855 620 1137 661 secessionem
1168 620 1281 661 inter
1319 618 1698 675 Carthaginienses
1732 624 1794 662 at-

167 692 205 720 11
235 692 315 732 que
341 677 561 732 Hispanos
588 678 699 719 fecit.
744 678 812 719 his
839 677 1100 720 Cerdubelus
1127 679 1353 733 propalam
1380 678 1608 720 deditionis
1635 682 1794 733 auctor,

234 737 421 779 Himilco
461 736 632 778 Punicis
678 737 956 778 auxiliaribus
1002 740 1214 791 praeerat,
1255 751 1361 792 quos
1405 737 1638 791 urbemque
1682 737 1793 779 clam

165 808 206 837 12
234 795 314 837 fide
342 798 517 850 accepta
540 794 801 837 Cerdubelus
823 795 1019 838 Romano
1045 796 1197 850 prodit.
1242 796 1389 838 mitior
1416 811 1465 836 ea
1489 796 1670 838 victoria
1695 795 1793 850 fuit3

234 869 309 896 nec
330 854 588 896 tantundem
607 868 743 896 noxae
765 854 999 896 admissum
1019 857 1122 908 erat,
1149 858 1191 896 et
1211 855 1478 909 aliquantum
1506 855 1593 896 irae
1613 855 1794 896 lenierat

233 913 477 956 voluntaria
509 912 680 955 deditio.

349 972 535 1014 Marcius
568 972 666 1013 inde
698 971 744 1012 in
775 971 994 1025 barbaros,
1026 971 1062 1012 si
1089 972 1161 1024 qui
1192 972 1379 1012 nondum
1405 972 1633 1026 perdomiti
1661 974 1793 1026 erant,

232 1031 310 1073 sub
352 1032 419 1072 ius
459 1031 750 1085 dicionemque
790 1030 1045 1085 redigendos
1084 1029 1259 1085 missus3
1300 1029 1442 1084 Scipio
1482 1028 1791 1084 Carthaginem

233 1091 286 1132 ad
325 1093 426 1132 vota
470 1090 672 1131 solvenda
716 1089 805 1131 deis
850 1103 1088 1143 munusque
1127 1088 1447 1144 gladiatorium,
1491 1089 1602 1143 quod
1640 1089 1794 1130 mortis

183 1161 202 1191 2
230 1164 359 1191 causa
385 1149 522 1203 patris
550 1149 777 1203 patruique
803 1150 1045 1202 paraverat,
1072 1147 1282 1189 edendum
1308 1147 1447 1189 rediit.
1498 1147 1790 1202 gladiatorum

231 1209 521 1262 spectaculum
553 1208 636 1249 fuit
666 1222 754 1249 non
786 1222 835 1248 ex
867 1221 916 1248 eo
950 1220 1105 1262 genere
1136 1207 1378 1260 hominum,
1419 1220 1470 1246 ex
1503 1220 1585 1260 quo
1618 1205 1791 1246 lanistis

230 1281 479 1334 comparare
513 1281 604 1309 mos
638 1269 716 1319 est,
748 1281 969 1308 servorum
1003 1280 1050 1307 ac
1082 1265 1327 1319 liberorum,
1360 1265 1432 1320 qui
1464 1264 1659 1306 venalem
1693 1278 1788 1305 san-

184 1340 203 1369 3
231 1327 403 1381 guinem
430 1326 611 1367 habent:
638 1325 883 1367 voluntaria
910 1325 1048 1367 omnis
1076 1327 1119 1365 et
1145 1325 1335 1379 gratuita
1356 1338 1485 1390 opera
1505 1323 1791 1378 pugnantium

230 1386 322 1426 fuit.

384 1399 485 1426 nam
519 1385 594 1426 alii
625 1384 746 1426 missi
774 1384 827 1426 ab
860 1384 1019 1439 regulis
1047 1358 1171 1424 sunto
1174 1383 1226 1424 ad
1254 1384 1467 1437 specimen
1493 1383 1647 1423 insitae
1675 1380 1794 1437 genti

184 1456 204 1485 4
232 1445 402 1485 virtutis
437 1443 763 1497 ostendendum,
803 1443 878 1484 alii
910 1443 993 1497 ipsi
1024 1442 1208 1496 professi
1241 1456 1284 1483 se
1317 1444 1586 1497 pugnaturos
1618 1441 1664 1482 in
1697 1442 1801 1496 gra?

232 1504 337 1544 tiam
371 1502 504 1556 ducis,
537 1503 643 1544 alios
677 1502 908 1544 aemulatio
942 1504 984 1543 et
1017 1504 1245 1555 certamen,
1278 1503 1326 1542 ut
1356 1502 1657 1554 provocarent,
1695 1513 1791 1553 pro-

283 1611 314 1641 9.
342 1608 543 1652 desperatio
563 1607 765 1651 invaserat]
787 1606 852 1641 der
872 1606 976 1640 abso--

233 1654 310 1689 lute
356 1654 549 1689 Gebrauch
593 1664 667 1688 von
710 1653 880 1688 invadere
926 1664 977 1687 er-

234 1701 379 1736 scheint
404 1701 498 1743 hart,
526 1700 574 1735 da.
599 1700 657 1735 dic
684 1712 727 1734 zu
748 1700 977 1745 erganzende

234 1747 493 1793 Bezeichnung
514 1748 578 1782 der
592 1748 729 1782 Person
743 1747 848 1781 nicht
862 1746 977 1782 durch

238 1796 296 1831 ein
322 1795 359 1830 in
386 1795 450 1829 der
476 1795 582 1829 Nahc
610 1794 806 1829 stehendes
834 1794 978 1829 Nomen

234 1843 458 1887 angedeutet
490 1843 555 1884 ist,
590 1841 662 1885 vgl.
684 1841 718 1885 5,
741 1845 796 1883 13,
819 1845 838 1875 2
867 1842 978 1876 libido

234 1890 378 1924 inv-aeft.

284 1941 335 1970 10.
374 1938 415 1970 in
459 1936 611 1971 dirersis
648 1936 786 1980 causis]
826 1934 978 1969 kausal:

234 1983 358 2027 ‚,bei‘⁴;
386 1983 458 2028 vgl.
486 1983 520 2026 ⁶2,
547 1987 578 2026 3,
606 1987 627 2016 4
653 1983 693 2017 in
720 1986 770 2017 tot
796 1983 980 2017 erroribus

233 2031 403 2065 humanis
430 2043 462 2064 u.
491 2041 523 2064 o.

282 2078 360 2112 sine
409 2078 560 2111 alterius
614 2076 796 2121 respectu]
855 2076 978 2120 „ohne

234 2123 437 2158 Rficksieht
471 2124 536 2158 auf
559 2123 665 2158 einen
697 2123 877 2165 anderen,
911 2123 978 2157 sei-

235 2182 305 2206 nen
326 2171 551 2214 Nachstcff‘,
573 2181 629 2205 wo
649 2170 711 2205 bei
730 2171 820 2205 alter
847 2169 978 2204 durch-

235 2230 300 2253 aus
320 2218 425 2252 nicht
450 2217 586 2262 gerade
613 2229 659 2252 an
685 2217 774 2251 zwei
795 2217 980 2251 Persouen

236 2278 280 2299 zu
306 2264 451 2300 denken
471 2266 535 2307 ist3
562 2263 712 2309 vg1.30,
727 2268 783 2308 36,
800 2268 840 2298 11
863 2275 978 2308 para-

236 2316 309 2347 tam
336 2313 487 2347 alterius
512 2312 633 2346 labore
657 2332 702 2336 -—
728 2313 875 2354 famam.

286 2363 338 2393 12.
360 2360 484 2394 mitior
503 2359 672 2404 victoria]
695 2358 783 2401 „der
798 2357 885 2401 Sieg
905 2368 981 2392 war

235 2406 451 2450 unblutig“,
490 2406 563 2450 vgl.
595 2406 632 2449 7,
664 2409 723 2450 19,
756 2409 776 2439 2
816 2405 982 2449 alioquin

235 2454 334 2488 mitis
358 2454 510 2488 victoria
536 2453 620 2496 fuit.

284 2510 319 2535 c.
354 2499 413 2534 ⁶31.
464 2499 595 2534 Feier
638 2510 719 2533 von
759 2498 978 2533 Leichen-

237 2547 411 2592 spielen
447 2559 495 2580 zu
522 2546 667 2581 Ehren
702 2546 777 2581 der
804 2545 978 2591 Scipio-

237 2605 330 2629 nen.

287 2646 316 2676 1.
350 2642 416 2676 sub
449 2642 506 2675 ius
540 2641 785 2684 dicionemque
818 2641 979 2684 redivere·

238 2688 318 2734 dos]
354 2700 439 2732 „zur
466 2687 629 2731 vfflligen
654 2687 979 2731 Unte1·we1·fung“;

239 2735 406 2780 hiiufiger
428 2734 511 2770 sind
523 2734 768 2778 Wendungen
788 2734 857 2768 mit
882 2734 981 2776 dare,

238 2783 440 2824 restituere,
471 2783 608 2824 venire,
640 2782 827 2817 concedere
852 2782 898 2816 iri
923 2782 982 2816 ius

239 2829 491 2873 dicionemque.

287 2877 412 2909 mortis
456 2886 567 2910 eausa
605 2876 727 2920 patris
765 2874 981 2920 patruique]

240 2921 521 2966 Lcichenspiele
555 2934 597 2956 zu
630 2923 752 2956 Ehren
788 2933 859 2956 von
893 2921 982 2956 Ver-

1051 1604 1223 1639 wandten
1258 1604 1339 1639 sind
1371 1603 1491 1638 nichts
1519 1603 1702 1644 Seltenes3
1741 1601 1793 1636 sie

1051 1652 1198 1686 werden
1211 1651 1281 1686 mit
1301 1651 1365 1686 del
1367 1651 1493 1685 selben
1505 1649 1705 1693 Wendung
1718 1648 1792 1682 und

1051 1698 1323 1743 Wortstellung
1347 1698 1563 1732 bezeichnet
1592 1696 1660 1740 31,
1687 1699 1748 1738 50,
1772 1699 1793 1729 4

1051 1746 1131 1780 Iudi
1165 1747 1332 1789 funebres
1358 1765 1401 1770 -
1427 1745 1552 1779 mortis
1588 1754 1701 1778 eausa
1736 1724 1792 1776 M.

1058 1792 1197 1827 Valerii
1221 1792 1397 1827 Iaeomi
1434 1791 1498 1834 41,
1520 1794 1613 1835 28,1
1648 1791 1794 1834 (munus

1048 1840 1313 1885 yladiatorum)
1329 1840 1454 1874 mortis
1469 1849 1581 1873 causa
1589 1838 1712 1882 patris
1723 1837 1794 1871 suri.

1100 1902 1131 1933 2.
1173 1898 1399 1943 comparare]
1437 1908 1521 1931 vom
1560 1895 1794 1940 Gegeniiber-

1054 1946 1187 1980 stellen
1208 1946 1273 1980 der
1286 1945 1556 1989 Fechterpaare
1577 1942 1665 1987 (vgl.
1681 1953 1710 1977 c.
1726 1946 1758 1986 2,
1773 1945 1794 1976 8

1052 1994 1148 2027 velut
1163 2004 1242 2028 eum
1256 1993 1440 2037 paribus),
1455 1990 1688 2026 technischer
1701 1989 1793 2023 Aus—

1053 2040 1168 2074 druck
1179 2040 1309 2084 (neben
1319 2039 1555 2081 committere),
1564 2037 1637 2081 vgl.
1647 2040 1741 2079 c.40,
1752 2040 1768 2070 1
1778 2041 1792 2070 1

1054 2088 1173 2122 alieno
1199 2087 1338 2121 iudicio
1356 2086 1446 2121 mihi
1465 2087 1705 2129 comparatus.
1733 2081 1794 2124 24,

1053 2138 1085 2178 8,
1102 2139 1120 2169 7
1137 2135 1307 2169 adversus
1326 2137 1473 2168 veterem
1488 2152 1529 2156 —
1546 2133 1793 2175 imperatorem

1053 2182 1334 2225 comparabitur.
1356 2180 1416 2222 30,
1429 2183 1483 2222 28,
1497 2183 1516 2213 8
1531 2179 1579 2212 ad
1591 2187 1793 2222 supremam

1053 2240 1109 2264 ee)
1112 2232 1230 2263 tamen
1256 2228 1457 2272 comparati
1482 2226 1596 2260 duces.

1100 2298 1163 2331 qui
1200 2287 1359 2321 venalem
1395 2295 1610 2330 sanquinem
1647 2283 1793 2327 habent}

1055 2333 1197 2377 „denen
1217 2334 1275 2367 ihr
1296 2333 1419 2367 Leben
1440 2331 1497 2365 fu'r
1514 2330 1607 2365 Geld
1628 2329 1691 2364 feil
1711 2329 1797 2372 ist“,

1054 2379 1208 2425 vgl.43‚
1232 2384 1348 2424 10,11
1372 2390 1426 2414 cos
1449 2379 1603 2413 venalem
1631 2377 1793 2422 linquam

1053 2428 1226 2462 habentis.

1102 2490 1133 2520 3.
1160 2486 1368 2520 voluntaria
1396 2505 1439 2509 —
1466 2488 1498 2519 et
1528 2482 1708 2528 gratuita]
1741 2492 1795 2516 er-

1054 2535 1170 2568 steres
1192 2533 1240 2566 im
1257 2531 1464 2576 Gegensatz
1478 2543 1521 2565 zu
1536 2531 1604 2565 den
1621 2529 1793 2572 Sklaven‚

1053 2581 1224 2615 letzteles
1245 2579 1294 2613 im
1310 2580 1517 2623 Gegensatz
1537 2589 1579 2611 zu
1600 2577 1669 2611 den
1690 2574 1795 2610 Ιςξὶιιῐ-

1054 2628 1177 2661 lichen
1204 2626 1344 2661 Freien.

1102 2687 1150 2720 acl
1169 2687 1344 2730 specimen
1359 2705 1401 2709 —
1416 2682 1716 2727 ostende›idum],
1720 2692 1792 2724 ,um

1055 2733 1136 2768 cine
1151 2732 1268 2767 P10be
1280 2731 1482 2783 abzulegen
1495 2732 1587 2764 von²⁴
1597 2728 1794 2773 ;gewohn-

1055 2780 1129 2814 lieh
1163 2781 1247 2823 sagt
1270 2779 1348 2814 Liv.
1376 2778 1551 2831 specimen
1582 2756 1686 2816 dare3
1718 2774 1793 2819 vgl.

1056 2831 1202 2870 ο.35,1·2
1225 2827 1318 2860 auch
1337 2825 1508 2869 specimen
1526 2834 1619 2867 prae
1637 2832 1672 2856 se
1690 2822 1793 2865 ferre.

1055 2874 1116 2917 38,
1140 2878 1192 2916 17
1215 2877 1259 2907 20
1284 2875 1462 2906 servantes
1489 2890 1531 2895 —
1558 2870 1743 2913 specimen.

1103 2922 1143 2955 iri
1163 2932 1205 2965 st
1209 2920 1319 2954 atzam
1341 2917 1458 2963 ducis]
1481 2929 1540 2952 um
1563 2916 1661 2952 seine
1676 2914 1796 2950 Gunst
