<?xml version="1.0" encoding="UTF-8"?>
<!DOCTYPE html PUBLIC "-//W3C//DTD XHTML 1.0 Transitional//EN"
    "http://www.w3.org/TR/xhtml1/DTD/xhtml1-transitional.dtd">
<html xmlns="http://www.w3.org/1999/xhtml" xml:lang="en" lang="en">
 <head>
  <title>
</title>
<meta http-equiv="Content-Type" content="text/html;charset=utf-8" />
  <meta name='ocr-system' content='tesseract 3.04.00' />
  <meta name='ocr-capabilities' content='ocr_page ocr_carea ocr_par ocr_line ocrx_word'/>
</head>
<body>
  <div class='ocr_page' id='page_1' title='image "./aburbeconditalib28livyuoft_0027.png"; bbox 0 0 1953 3278; ppageno 0'>
   <div class='ocr_carea' id='block_1_1' title="bbox 141 140 1769 1301">
    <p class='ocr_par' dir='ltr' id='par_1_1' title="bbox 141 140 1769 1301">
     <span class='ocr_line' id='line_1_1' title="bbox 146 140 1695 182; baseline -0.005 0"><span class='ocrx_word' id='word_1_1' title='bbox 146 163 172 182; x_wconf 74' lang='lat' dir='ltr'><strong>a.</strong></span> <span class='ocrx_word' id='word_1_2' title='bbox 195 156 245 182; x_wconf 79' lang='lat' dir='ltr'><strong>eh.</strong></span> <span class='ocrx_word' id='word_1_3' title='bbox 267 157 326 181; x_wconf 81' lang='lat'><strong>207.</strong></span> <span class='ocrx_word' id='word_1_4' title='bbox 657 144 801 179; x_wconf 80' lang='lat' dir='ltr'>LIBER</span> <span class='ocrx_word' id='word_1_5' title='bbox 824 143 989 179; x_wconf 81' lang='lat' dir='ltr'>XXVIII.</span> <span class='ocrx_word' id='word_1_6' title='bbox 1042 142 1143 179; x_wconf 84' lang='lat' dir='ltr'><strong>CAP.</strong></span> <span class='ocrx_word' id='word_1_7' title='bbox 1172 147 1201 177; x_wconf 90' lang='lat'><strong>7.</strong></span> <span class='ocrx_word' id='word_1_8' title='bbox 1644 140 1695 180; x_wconf 80' lang='lat'><strong>15</strong></span> 
     </span>
     <span class='ocr_line' id='line_1_2' title="bbox 150 247 1695 306; baseline -0.005 -12"><span class='ocrx_word' id='word_1_9' title='bbox 150 267 266 295; x_wconf 88' lang='lat' dir='ltr'><strong>mare</strong></span> <span class='ocrx_word' id='word_1_10' title='bbox 299 266 347 293; x_wconf 90' lang='lat' dir='ltr'><strong>ac</strong></span> <span class='ocrx_word' id='word_1_11' title='bbox 379 265 507 293; x_wconf 86' lang='lat' dir='ltr'><strong>naves</strong></span> <span class='ocrx_word' id='word_1_12' title='bbox 540 252 665 306; x_wconf 87' lang='lat' dir='ltr'><strong>petit,</strong></span> <span class='ocrx_word' id='word_1_13' title='bbox 697 254 739 292; x_wconf 92' lang='lat' dir='ltr'><strong>et</strong></span> <span class='ocrx_word' id='word_1_14' title='bbox 770 251 1045 293; x_wconf 77' lang='lat' dir='ltr'><strong>molientibus</strong></span> <span class='ocrx_word' id='word_1_15' title='bbox 1085 251 1138 291; x_wconf 87' lang='lat' dir='ltr'><strong>ab</strong></span> <span class='ocrx_word' id='word_1_16' title='bbox 1171 252 1285 291; x_wconf 87' lang='lat' dir='ltr'><strong>terra</strong></span> <span class='ocrx_word' id='word_1_17' title='bbox 1317 249 1438 290; x_wconf 86' lang='lat' dir='ltr'><strong>navis</strong></span> <span class='ocrx_word' id='word_1_18' title='bbox 1471 247 1695 301; x_wconf 82' lang='lat' dir='ltr'>Philippus</span> 
     </span>
     <span class='ocr_line' id='line_1_3' title="bbox 149 305 1743 365; baseline -0.003 -14"><span class='ocrx_word' id='word_1_19' title='bbox 149 310 394 365; x_wconf 87' lang='lat' dir='ltr'><strong>supervenit</strong></span> <span class='ocrx_word' id='word_1_20' title='bbox 419 311 734 364; x_wconf 72' lang='lat' dir='ltr'><strong>tumultumque</strong></span> <span class='ocrx_word' id='word_1_21' title='bbox 761 311 888 351; x_wconf 88' lang='lat' dir='ltr'><strong>etiam</strong></span> <span class='ocrx_word' id='word_1_22' title='bbox 915 324 965 350; x_wconf 84' lang='lat' dir='ltr'><strong>ex</strong></span> <span class='ocrx_word' id='word_1_23' title='bbox 990 312 1106 350; x_wconf 84' lang='lat' dir='ltr'><strong>terra</strong></span> <span class='ocrx_word' id='word_1_24' title='bbox 1131 309 1315 350; x_wconf 83' lang='lat' dir='ltr'><strong>nauticis</strong></span> <span class='ocrx_word' id='word_1_25' title='bbox 1342 307 1547 362; x_wconf 91' lang='lat' dir='ltr'><strong>praebuit.</strong></span> <span class='ocrx_word' id='word_1_26' title='bbox 1600 305 1696 346; x_wconf 89' lang='lat' dir='ltr'><strong>inde</strong></span> <span class='ocrx_word' id='word_1_27' title='bbox 1723 316 1743 346; x_wconf 83' lang='lat'>8</span> 
     </span>
     <span class='ocr_line' id='line_1_4' title="bbox 148 365 1697 423; baseline -0.004 -12"><span class='ocrx_word' id='word_1_28' title='bbox 148 369 358 423; x_wconf 84' lang='lat' dir='ltr'><strong>Opuntem</strong></span> <span class='ocrx_word' id='word_1_29' title='bbox 395 368 523 409; x_wconf 88' lang='lat' dir='ltr'><strong>rediit</strong></span> <span class='ocrx_word' id='word_1_30' title='bbox 561 369 660 410; x_wconf 88' lang='lat' dir='ltr'><strong>deos</strong></span> <span class='ocrx_word' id='word_1_31' title='bbox 706 367 984 422; x_wconf 84' lang='lat' dir='ltr'><strong>hominesque</strong></span> <span class='ocrx_word' id='word_1_32' title='bbox 1024 382 1246 420; x_wconf 80' lang='lat' dir='ltr'><strong>accusanS,</strong></span> <span class='ocrx_word' id='word_1_33' title='bbox 1291 367 1402 420; x_wconf 89' lang='lat' dir='ltr'><strong>quod</strong></span> <span class='ocrx_word' id='word_1_34' title='bbox 1446 367 1592 406; x_wconf 86' lang='lat' dir='ltr'><strong>tantae</strong></span> <span class='ocrx_word' id='word_1_35' title='bbox 1636 365 1697 405; x_wconf 89' lang='lat' dir='ltr'><strong>rei</strong></span> 
     </span>
     <span class='ocr_line' id='line_1_5' title="bbox 146 425 1742 482; baseline -0.003 -14"><span class='ocrx_word' id='word_1_36' title='bbox 146 428 362 470; x_wconf 84' lang='lat' dir='ltr'><strong>fortunam</strong></span> <span class='ocrx_word' id='word_1_37' title='bbox 394 441 444 468; x_wconf 86' lang='lat' dir='ltr'><strong>ex</strong></span> <span class='ocrx_word' id='word_1_38' title='bbox 483 428 616 469; x_wconf 90' lang='lat' dir='ltr'><strong>oculis</strong></span> <span class='ocrx_word' id='word_1_39' title='bbox 654 442 784 482; x_wconf 89' lang='lat' dir='ltr'><strong>prope</strong></span> <span class='ocrx_word' id='word_1_40' title='bbox 823 431 988 480; x_wconf 85' lang='lat' dir='ltr'><strong>raptam</strong></span> <span class='ocrx_word' id='word_1_41' title='bbox 1030 426 1254 466; x_wconf 82' lang='lat' dir='ltr'><strong>amisisset.</strong></span> <span class='ocrx_word' id='word_1_42' title='bbox 1317 425 1491 478; x_wconf 83' lang='lat' dir='ltr'><strong>Opuntii</strong></span> <span class='ocrx_word' id='word_1_43' title='bbox 1530 437 1696 477; x_wconf 88' lang='lat' dir='ltr'><strong>quoque</strong></span> <span class='ocrx_word' id='word_1_44' title='bbox 1723 433 1742 463; x_wconf 79' lang='lat'>9</span> 
     </span>
     <span class='ocr_line' id='line_1_6' title="bbox 147 481 1697 540; baseline -0.004 -12"><span class='ocrx_word' id='word_1_45' title='bbox 147 486 199 528; x_wconf 89' lang='lat' dir='ltr'><strong>ab</strong></span> <span class='ocrx_word' id='word_1_46' title='bbox 233 486 378 527; x_wconf 89' lang='lat' dir='ltr'><strong>eadem</strong></span> <span class='ocrx_word' id='word_1_47' title='bbox 410 486 474 527; x_wconf 87' lang='lat' dir='ltr'><strong>ira</strong></span> <span class='ocrx_word' id='word_1_48' title='bbox 505 486 726 540; x_wconf 82' lang='lat' dir='ltr'><strong>increpiti,</strong></span> <span class='ocrx_word' id='word_1_49' title='bbox 759 486 889 539; x_wconf 86' lang='lat' dir='ltr'><strong>quod,</strong></span> <span class='ocrx_word' id='word_1_50' title='bbox 921 499 1015 525; x_wconf 91' lang='lat' dir='ltr'><strong>cum</strong></span> <span class='ocrx_word' id='word_1_51' title='bbox 1048 484 1217 524; x_wconf 84' lang='lat' dir='ltr'><strong>trahere</strong></span> <span class='ocrx_word' id='word_1_52' title='bbox 1251 484 1516 524; x_wconf 85' lang='lat' dir='ltr'><strong>obsidionem</strong></span> <span class='ocrx_word' id='word_1_53' title='bbox 1548 483 1592 522; x_wconf 92' lang='lat' dir='ltr'><strong>in</strong></span> <span class='ocrx_word' id='word_1_54' title='bbox 1626 481 1697 522; x_wconf 86' lang='lat' dir='ltr'><strong>ad-</strong></span> 
     </span>
     <span class='ocr_line' id='line_1_7' title="bbox 147 541 1699 598; baseline -0.003 -12"><span class='ocrx_word' id='word_1_55' title='bbox 147 546 321 586; x_wconf 87' lang='lat' dir='ltr'><strong>ventum</strong></span> <span class='ocrx_word' id='word_1_56' title='bbox 350 559 471 585; x_wconf 92' lang='lat' dir='ltr'><strong>suum</strong></span> <span class='ocrx_word' id='word_1_57' title='bbox 493 545 744 598; x_wconf 83' lang='lat' dir='ltr'><strong>potuissent,</strong></span> <span class='ocrx_word' id='word_1_58' title='bbox 769 544 860 584; x_wconf 84' lang='lat' dir='ltr'><strong>viso</strong></span> <span class='ocrx_word' id='word_1_59' title='bbox 886 543 1033 583; x_wconf 88' lang='lat' dir='ltr'><strong>statim</strong></span> <span class='ocrx_word' id='word_1_60' title='bbox 1052 542 1176 583; x_wconf 88' lang='lat' dir='ltr'><strong>hoste</strong></span> <span class='ocrx_word' id='word_1_61' title='bbox 1196 556 1328 595; x_wconf 88' lang='lat' dir='ltr'><strong>prope</strong></span> <span class='ocrx_word' id='word_1_62' title='bbox 1350 542 1391 582; x_wconf 92' lang='lat' dir='ltr'><strong>in</strong></span> <span class='ocrx_word' id='word_1_63' title='bbox 1413 541 1699 582; x_wconf 88' lang='lat' dir='ltr'><strong>voluntariam</strong></span> 
     </span>
     <span class='ocr_line' id='line_1_8' title="bbox 148 599 1699 654; baseline -0.003 -10"><span class='ocrx_word' id='word_1_64' title='bbox 148 603 407 644; x_wconf 86' lang='lat' dir='ltr'><strong>deditionem</strong></span> <span class='ocrx_word' id='word_1_65' title='bbox 451 604 770 645; x_wconf 81' lang='lat' dir='ltr'><strong>concessissent.</strong></span> <span class='ocrx_word' id='word_1_66' title='bbox 851 601 1097 654; x_wconf 81' lang='lat' dir='ltr'><strong>compositis</strong></span> <span class='ocrx_word' id='word_1_67' title='bbox 1142 601 1253 641; x_wconf 89' lang='lat' dir='ltr'><strong>circa</strong></span> <span class='ocrx_word' id='word_1_68' title='bbox 1303 599 1515 654; x_wconf 78' lang='lat' dir='ltr'><strong>Opuntem</strong></span> <span class='ocrx_word' id='word_1_69' title='bbox 1572 599 1699 640; x_wconf 86' lang='lat' dir='ltr'><strong>rebus</strong></span> 
     </span>
     <span class='ocr_line' id='line_1_9' title="bbox 147 657 1769 716; baseline -0.004 -13"><span class='ocrx_word' id='word_1_70' title='bbox 147 661 384 703; x_wconf 90' lang='lat' dir='ltr'><strong>Thronium</strong></span> <span class='ocrx_word' id='word_1_71' title='bbox 422 665 488 703; x_wconf 92' lang='lat' dir='ltr'><strong>est</strong></span> <span class='ocrx_word' id='word_1_72' title='bbox 524 662 750 716; x_wconf 89' lang='lat' dir='ltr'><strong>profectus.</strong></span> <span class='ocrx_word' id='word_1_73' title='bbox 822 662 865 700; x_wconf 89' lang='lat' dir='ltr'><strong>et</strong></span> <span class='ocrx_word' id='word_1_74' title='bbox 901 659 1075 699; x_wconf 88' lang='lat' dir='ltr'><strong>Attalus</strong></span> <span class='ocrx_word' id='word_1_75' title='bbox 1114 658 1252 712; x_wconf 91' lang='lat' dir='ltr'><strong>primo</strong></span> <span class='ocrx_word' id='word_1_76' title='bbox 1292 657 1448 699; x_wconf 91' lang='lat' dir='ltr'><strong>Oreum</strong></span> <span class='ocrx_word' id='word_1_77' title='bbox 1493 660 1559 698; x_wconf 87' lang='lat' dir='ltr'><strong>est</strong></span> <span class='ocrx_word' id='word_1_78' title='bbox 1604 671 1699 710; x_wconf 89' lang='lat' dir='ltr'><strong>pro-</strong></span> <span class='ocrx_word' id='word_1_79' title='bbox 1727 667 1769 697; x_wconf 89' lang='lat'><strong>10</strong></span> 
     </span>
     <span class='ocr_line' id='line_1_10' title="bbox 145 716 1698 774; baseline -0.004 -12"><span class='ocrx_word' id='word_1_80' title='bbox 145 721 297 774; x_wconf 82' lang='lat' dir='ltr'><strong>fectus3</strong></span> <span class='ocrx_word' id='word_1_81' title='bbox 330 720 440 773; x_wconf 89' lang='lat' dir='ltr'><strong>inde,</strong></span> <span class='ocrx_word' id='word_1_82' title='bbox 472 734 567 761; x_wconf 92' lang='lat' dir='ltr'><strong>cum</strong></span> <span class='ocrx_word' id='word_1_83' title='bbox 598 720 715 760; x_wconf 88' lang='lat' dir='ltr'><strong>fama</strong></span> <span class='ocrx_word' id='word_1_84' title='bbox 747 717 972 759; x_wconf 89' lang='lat' dir='ltr'><strong>accidisset</strong></span> <span class='ocrx_word' id='word_1_85' title='bbox 1004 717 1186 758; x_wconf 87' lang='lat' dir='ltr'><strong>Prusian</strong></span> <span class='ocrx_word' id='word_1_86' title='bbox 1214 716 1446 770; x_wconf 85' lang='lat' dir='ltr'><strong>Bithyniae</strong></span> <span class='ocrx_word' id='word_1_87' title='bbox 1478 729 1621 769; x_wconf 83' lang='lat' dir='ltr'><strong>regem</strong></span> <span class='ocrx_word' id='word_1_88' title='bbox 1654 717 1698 756; x_wconf 91' lang='lat' dir='ltr'><strong>in</strong></span> 
     </span>
     <span class='ocr_line' id='line_1_11' title="bbox 143 774 1697 832; baseline -0.003 -12"><span class='ocrx_word' id='word_1_89' title='bbox 143 779 242 820; x_wconf 89' lang='lat' dir='ltr'><strong>finis</strong></span> <span class='ocrx_word' id='word_1_90' title='bbox 268 779 391 832; x_wconf 83' lang='lat' dir='ltr'><strong>regni</strong></span> <span class='ocrx_word' id='word_1_91' title='bbox 417 778 483 818; x_wconf 90' lang='lat' dir='ltr'><strong>sui</strong></span> <span class='ocrx_word' id='word_1_92' title='bbox 508 781 838 832; x_wconf 86' lang='lat' dir='ltr'><strong>transgressum,</strong></span> <span class='ocrx_word' id='word_1_93' title='bbox 865 776 1033 817; x_wconf 90' lang='lat' dir='ltr'><strong>omissis</strong></span> <span class='ocrx_word' id='word_1_94' title='bbox 1060 776 1187 816; x_wconf 87' lang='lat' dir='ltr'><strong>rebus</strong></span> <span class='ocrx_word' id='word_1_95' title='bbox 1214 778 1341 829; x_wconf 88' lang='lat' dir='ltr'><strong>atque</strong></span> <span class='ocrx_word' id='word_1_96' title='bbox 1363 775 1557 816; x_wconf 89' lang='lat' dir='ltr'><strong>Aetolico</strong></span> <span class='ocrx_word' id='word_1_97' title='bbox 1586 774 1697 815; x_wconf 89' lang='lat' dir='ltr'><strong>bello</strong></span> 
     </span>
     <span class='ocr_line' id='line_1_12' title="bbox 142 832 1765 889; baseline -0.002 -11"><span class='ocrx_word' id='word_1_98' title='bbox 142 838 186 878; x_wconf 92' lang='lat' dir='ltr'><strong>in</strong></span> <span class='ocrx_word' id='word_1_99' title='bbox 213 837 361 878; x_wconf 85' lang='lat' dir='ltr'><strong>Asiam</strong></span> <span class='ocrx_word' id='word_1_100' title='bbox 392 836 572 877; x_wconf 88' lang='lat' dir='ltr'><strong>traiecit.</strong></span> <span class='ocrx_word' id='word_1_101' title='bbox 622 839 665 877; x_wconf 92' lang='lat' dir='ltr'><strong>et</strong></span> <span class='ocrx_word' id='word_1_102' title='bbox 691 834 903 889; x_wconf 84' lang='lat' dir='ltr'><strong>Sulpicius</strong></span> <span class='ocrx_word' id='word_1_103' title='bbox 930 834 1142 889; x_wconf 83' lang='lat' dir='ltr'><strong>Aeginam</strong></span> <span class='ocrx_word' id='word_1_104' title='bbox 1173 835 1353 875; x_wconf 87' lang='lat' dir='ltr'><strong>classem</strong></span> <span class='ocrx_word' id='word_1_105' title='bbox 1379 833 1552 887; x_wconf 89' lang='lat' dir='ltr'><strong>recepit,</strong></span> <span class='ocrx_word' id='word_1_106' title='bbox 1584 832 1697 874; x_wconf 89' lang='lat' dir='ltr'><strong>unde</strong></span> <span class='ocrx_word' id='word_1_107' title='bbox 1728 843 1765 874; x_wconf 94' lang='grc'><strong>11</strong></span> 
     </span>
     <span class='ocr_line' id='line_1_13' title="bbox 143 892 1700 949; baseline -0.003 -13"><span class='ocrx_word' id='word_1_108' title='bbox 143 895 266 936; x_wconf 85' lang='lat' dir='ltr'><strong>initio</strong></span> <span class='ocrx_word' id='word_1_109' title='bbox 311 895 424 936; x_wconf 87' lang='lat' dir='ltr'><strong>veris</strong></span> <span class='ocrx_word' id='word_1_110' title='bbox 470 894 686 949; x_wconf 86' lang='lat' dir='ltr'><strong>profectus</strong></span> <span class='ocrx_word' id='word_1_111' title='bbox 732 898 834 935; x_wconf 87' lang='lat' dir='ltr'><strong>erat.</strong></span> <span class='ocrx_word' id='word_1_112' title='bbox 906 893 1020 934; x_wconf 88' lang='lat' dir='ltr'><strong>haud</strong></span> <span class='ocrx_word' id='word_1_113' title='bbox 1064 893 1225 934; x_wconf 89' lang='lat' dir='ltr'><strong>maiore</strong></span> <span class='ocrx_word' id='word_1_114' title='bbox 1270 892 1524 945; x_wconf 83' lang='lat' dir='ltr'><strong>certamine,</strong></span> <span class='ocrx_word' id='word_1_115' title='bbox 1573 905 1700 946; x_wconf 89' lang='lat' dir='ltr'><strong>quam</strong></span> 
     </span>
     <span class='ocr_line' id='line_1_14' title="bbox 144 950 1769 1007; baseline -0.003 -12"><span class='ocrx_word' id='word_1_116' title='bbox 144 953 357 1007; x_wconf 87' lang='lat' dir='ltr'><strong>Opuntem</strong></span> <span class='ocrx_word' id='word_1_117' title='bbox 378 953 554 994; x_wconf 87' lang='lat' dir='ltr'><strong>Attalus</strong></span> <span class='ocrx_word' id='word_1_118' title='bbox 575 956 755 1007; x_wconf 83' lang='lat' dir='ltr'><strong>ceperat,</strong></span> <span class='ocrx_word' id='word_1_119' title='bbox 782 953 1006 1007; x_wconf 86' lang='lat' dir='ltr'><strong>Philippus</strong></span> <span class='ocrx_word' id='word_1_120' title='bbox 1028 951 1263 992; x_wconf 89' lang='lat' dir='ltr'><strong>Thronium</strong></span> <span class='ocrx_word' id='word_1_121' title='bbox 1285 952 1406 1006; x_wconf 85' lang='lat' dir='ltr'><strong>cepit.</strong></span> <span class='ocrx_word' id='word_1_122' title='bbox 1452 950 1700 992; x_wconf 86' lang='lat' dir='ltr'><strong>incolebant</strong></span> <span class='ocrx_word' id='word_1_123' title='bbox 1728 960 1769 990; x_wconf 80' lang='lat'><strong>12</strong></span> 
     </span>
     <span class='ocr_line' id='line_1_15' title="bbox 142 1010 1702 1066; baseline -0.003 -13"><span class='ocrx_word' id='word_1_124' title='bbox 142 1013 291 1054; x_wconf 89' lang='lat' dir='ltr'><strong>urbem</strong></span> <span class='ocrx_word' id='word_1_125' title='bbox 329 1026 420 1053; x_wconf 88' lang='lat' dir='ltr'><strong>eam</strong></span> <span class='ocrx_word' id='word_1_126' title='bbox 459 1012 631 1066; x_wconf 85' lang='lat' dir='ltr'><strong>profugi</strong></span> <span class='ocrx_word' id='word_1_127' title='bbox 671 1012 725 1053; x_wconf 87' lang='lat' dir='ltr'><strong>ab</strong></span> <span class='ocrx_word' id='word_1_128' title='bbox 758 1011 914 1052; x_wconf 89' lang='lat' dir='ltr'><strong>Thebis</strong></span> <span class='ocrx_word' id='word_1_129' title='bbox 946 1010 1223 1052; x_wconf 88' lang='lat' dir='ltr'><strong>Phthioticis:</strong></span> <span class='ocrx_word' id='word_1_130' title='bbox 1262 1011 1365 1051; x_wconf 88' lang='lat' dir='ltr'><strong>urbe</strong></span> <span class='ocrx_word' id='word_1_131' title='bbox 1406 1025 1481 1050; x_wconf 88' lang='lat' dir='ltr'><strong>sua</strong></span> <span class='ocrx_word' id='word_1_132' title='bbox 1519 1013 1645 1062; x_wconf 87' lang='lat' dir='ltr'><strong>capta</strong></span> <span class='ocrx_word' id='word_1_133' title='bbox 1677 1023 1702 1049; x_wconf 88' lang='lat' dir='ltr'><strong>a</strong></span> 
     </span>
     <span class='ocr_line' id='line_1_16' title="bbox 141 1067 1701 1125; baseline -0.003 -13"><span class='ocrx_word' id='word_1_134' title='bbox 141 1070 342 1125; x_wconf 91' lang='lat' dir='ltr'><strong>Philippo</strong></span> <span class='ocrx_word' id='word_1_135' title='bbox 394 1085 489 1111; x_wconf 89' lang='lat' dir='ltr'><strong>cum</strong></span> <span class='ocrx_word' id='word_1_136' title='bbox 538 1071 584 1111; x_wconf 93' lang='lat' dir='ltr'><strong>in</strong></span> <span class='ocrx_word' id='word_1_137' title='bbox 633 1071 758 1112; x_wconf 87' lang='lat' dir='ltr'><strong>fidem</strong></span> <span class='ocrx_word' id='word_1_138' title='bbox 802 1070 1055 1112; x_wconf 90' lang='lat' dir='ltr'><strong>Aetolorum</strong></span> <span class='ocrx_word' id='word_1_139' title='bbox 1099 1069 1412 1123; x_wconf 82' lang='lat' dir='ltr'><strong>perfugissent,</strong></span> <span class='ocrx_word' id='word_1_140' title='bbox 1463 1068 1603 1109; x_wconf 89' lang='lat' dir='ltr'><strong>sedem</strong></span> <span class='ocrx_word' id='word_1_141' title='bbox 1649 1067 1701 1107; x_wconf 90' lang='lat' dir='ltr'><strong>iis</strong></span> 
     </span>
     <span class='ocr_line' id='line_1_17' title="bbox 142 1126 1700 1182; baseline -0.002 -12"><span class='ocrx_word' id='word_1_142' title='bbox 142 1130 288 1170; x_wconf 89' lang='lat' dir='ltr'><strong>Aetoli</strong></span> <span class='ocrx_word' id='word_1_143' title='bbox 321 1144 415 1170; x_wconf 84' lang='lat' dir='ltr'><strong>eain</strong></span> <span class='ocrx_word' id='word_1_144' title='bbox 448 1129 652 1171; x_wconf 85' lang='lat' dir='ltr'><strong>dederant</strong></span> <span class='ocrx_word' id='word_1_145' title='bbox 682 1130 799 1170; x_wconf 89' lang='lat' dir='ltr'><strong>urbis</strong></span> <span class='ocrx_word' id='word_1_146' title='bbox 831 1131 978 1170; x_wconf 86' lang='lat' dir='ltr'><strong>vastae</strong></span> <span class='ocrx_word' id='word_1_147' title='bbox 1017 1142 1065 1169; x_wconf 90' lang='lat' dir='ltr'><strong>ac</strong></span> <span class='ocrx_word' id='word_1_148' title='bbox 1098 1127 1289 1169; x_wconf 88' lang='lat' dir='ltr'><strong>desertae</strong></span> <span class='ocrx_word' id='word_1_149' title='bbox 1331 1128 1473 1182; x_wconf 90' lang='lat' dir='ltr'><strong>priore</strong></span> <span class='ocrx_word' id='word_1_150' title='bbox 1513 1126 1700 1167; x_wconf 90' lang='lat' dir='ltr'><strong>eiusdem</strong></span> 
     </span>
     <span class='ocr_line' id='line_1_18' title="bbox 142 1186 1769 1242; baseline -0.002 -13"><span class='ocrx_word' id='word_1_151' title='bbox 142 1187 331 1242; x_wconf 90' lang='lat' dir='ltr'><strong>Philippi</strong></span> <span class='ocrx_word' id='word_1_152' title='bbox 364 1188 488 1230; x_wconf 88' lang='lat' dir='ltr'><strong>bello.</strong></span> <span class='ocrx_word' id='word_1_153' title='bbox 553 1191 643 1229; x_wconf 85' lang='lat' dir='ltr'><strong>tum</strong></span> <span class='ocrx_word' id='word_1_154' title='bbox 677 1189 730 1229; x_wconf 87' lang='lat' dir='ltr'><strong>ab</strong></span> <span class='ocrx_word' id='word_1_155' title='bbox 762 1187 967 1240; x_wconf 91' lang='lat' dir='ltr'><strong>Thronio,</strong></span> <span class='ocrx_word' id='word_1_156' title='bbox 1000 1187 1111 1228; x_wconf 88' lang='lat' dir='ltr'><strong>sicut</strong></span> <span class='ocrx_word' id='word_1_157' title='bbox 1142 1187 1270 1241; x_wconf 90' lang='lat' dir='ltr'><strong>paulo</strong></span> <span class='ocrx_word' id='word_1_158' title='bbox 1304 1190 1401 1228; x_wconf 79' lang='lat' dir='ltr'><strong>ante</strong></span> <span class='ocrx_word' id='word_1_159' title='bbox 1429 1186 1589 1227; x_wconf 89' lang='lat' dir='ltr'><strong>dictum</strong></span> <span class='ocrx_word' id='word_1_160' title='bbox 1622 1187 1700 1237; x_wconf 85' lang='lat' dir='ltr'><strong>est,</strong></span> <span class='ocrx_word' id='word_1_161' title='bbox 1728 1196 1769 1225; x_wconf 91' lang='lat'><strong>13</strong></span> 
     </span>
     <span class='ocr_line' id='line_1_19' title="bbox 143 1244 1699 1301; baseline -0.003 -13"><span class='ocrx_word' id='word_1_162' title='bbox 143 1249 312 1301; x_wconf 88' lang='lat' dir='ltr'><strong>recepto</strong></span> <span class='ocrx_word' id='word_1_163' title='bbox 343 1247 560 1301; x_wconf 81' lang='lat' dir='ltr'><strong>profectus</strong></span> <span class='ocrx_word' id='word_1_164' title='bbox 594 1247 853 1288; x_wconf 87' lang='lat' dir='ltr'><strong>Tithronion</strong></span> <span class='ocrx_word' id='word_1_165' title='bbox 885 1249 927 1287; x_wconf 90' lang='lat' dir='ltr'><strong>et</strong></span> <span class='ocrx_word' id='word_1_166' title='bbox 953 1245 1170 1300; x_wconf 82' lang='lat' dir='ltr'><strong>Drymias,</strong></span> <span class='ocrx_word' id='word_1_167' title='bbox 1202 1244 1374 1286; x_wconf 89' lang='lat' dir='ltr'><strong>Doridis</strong></span> <span class='ocrx_word' id='word_1_168' title='bbox 1407 1259 1539 1299; x_wconf 86' lang='lat' dir='ltr'><strong>parva</strong></span> <span class='ocrx_word' id='word_1_169' title='bbox 1572 1247 1699 1298; x_wconf 88' lang='lat' dir='ltr'><strong>atque</strong></span> 
     </span>
    </p>
   </div>
   <div class='ocr_carea' id='block_1_2' title="bbox 143 1302 1702 1361">
    <p class='ocr_par' dir='ltr' id='par_1_2' title="bbox 143 1302 1702 1361">
     <span class='ocr_line' id='line_1_20' title="bbox 143 1302 1702 1361; baseline -0.002 -15"><span class='ocrx_word' id='word_1_170' title='bbox 143 1305 353 1361; x_wconf 85' lang='lat' dir='ltr'><strong>ignobilia</strong></span> <span class='ocrx_word' id='word_1_171' title='bbox 385 1306 559 1359; x_wconf 87' lang='lat' dir='ltr'><strong>oppida,</strong></span> <span class='ocrx_word' id='word_1_172' title='bbox 602 1306 725 1360; x_wconf 90' lang='lat' dir='ltr'><strong>cepit.</strong></span> <span class='ocrx_word' id='word_1_173' title='bbox 786 1305 883 1346; x_wconf 91' lang='lat' dir='ltr'><strong>inde</strong></span> <span class='ocrx_word' id='word_1_174' title='bbox 920 1304 1129 1358; x_wconf 87' lang='lat' dir='ltr'><strong>Elatiam,</strong></span> <span class='ocrx_word' id='word_1_175' title='bbox 1167 1304 1294 1344; x_wconf 89' lang='lat' dir='ltr'><strong>iussis</strong></span> <span class='ocrx_word' id='word_1_176' title='bbox 1333 1304 1393 1345; x_wconf 87' lang='lat' dir='ltr'><strong>ibi</strong></span> <span class='ocrx_word' id='word_1_177' title='bbox 1433 1318 1476 1344; x_wconf 87' lang='lat' dir='ltr'><strong>se</strong></span> <span class='ocrx_word' id='word_1_178' title='bbox 1516 1302 1702 1356; x_wconf 90' lang='lat' dir='ltr'><strong>opperiri</strong></span> 
     </span>
    </p>
   </div>
   <div class='ocr_carea' id='block_1_3' title="bbox 143 1443 885 1583">
    <p class='ocr_par' dir='ltr' id='par_1_3' title="bbox 143 1443 885 1583">
     <span class='ocr_line' id='line_1_21' title="bbox 144 1443 884 1488; baseline -0.001 -10"><span class='ocrx_word' id='word_1_179' title='bbox 144 1444 227 1478; x_wconf 85' lang='lat' dir='ltr'><strong>dem</strong></span> <span class='ocrx_word' id='word_1_180' title='bbox 265 1444 384 1479; x_wconf 84' lang='lat' dir='ltr'><strong>Heere</strong></span> <span class='ocrx_word' id='word_1_181' title='bbox 421 1444 713 1478; x_wconf 86' lang='lat' dir='ltr'><strong>zukommenden</strong></span> <span class='ocrx_word' id='word_1_182' title='bbox 750 1443 884 1488; x_wconf 86' lang='lat' dir='ltr'><strong>Eigen-</strong></span> 
     </span>
     <span class='ocr_line' id='line_1_22' title="bbox 143 1490 884 1526; baseline 0 -1"><span class='ocrx_word' id='word_1_183' title='bbox 143 1490 310 1526; x_wconf 84' lang='lat' dir='ltr'><strong>schaften</strong></span> <span class='ocrx_word' id='word_1_184' title='bbox 330 1491 412 1525; x_wconf 90' lang='lat' dir='ltr'><strong>sind</strong></span> <span class='ocrx_word' id='word_1_185' title='bbox 435 1491 502 1525; x_wconf 84' lang='lat' dir='ltr'><strong>auf</strong></span> <span class='ocrx_word' id='word_1_186' title='bbox 524 1491 594 1525; x_wconf 87' lang='lat' dir='ltr'><strong>den</strong></span> <span class='ocrx_word' id='word_1_187' title='bbox 619 1491 760 1525; x_wconf 70' lang='lat' dir='ltr'><strong>Fiihrer</strong></span> <span class='ocrx_word' id='word_1_188' title='bbox 779 1492 884 1525; x_wconf 75' lang='lat' dir='ltr'><strong>iiber-</strong></span> 
     </span>
     <span class='ocr_line' id='line_1_23' title="bbox 143 1537 885 1583; baseline 0 -11"><span class='ocrx_word' id='word_1_189' title='bbox 143 1539 291 1583; x_wconf 83' lang='lat' dir='ltr'><strong>tragen3</strong></span> <span class='ocrx_word' id='word_1_190' title='bbox 329 1537 497 1580; x_wconf 68' lang='lat' dir='ltr'><strong>ahnlich,</strong></span> <span class='ocrx_word' id='word_1_191' title='bbox 523 1548 629 1572; x_wconf 87' lang='lat' dir='ltr'><strong>wenn</strong></span> <span class='ocrx_word' id='word_1_192' title='bbox 655 1538 719 1572; x_wconf 86' lang='lat' dir='ltr'><strong>der</strong></span> <span class='ocrx_word' id='word_1_193' title='bbox 744 1537 885 1572; x_wconf 82' lang='lat' dir='ltr'><strong>kollek-</strong></span> 
     </span>
    </p>
   </div>
   <div class='ocr_carea' id='block_1_4' title="bbox 143 1584 885 1666">
    <p class='ocr_par' dir='ltr' id='par_1_4' title="bbox 143 1584 885 1666">
     <span class='ocr_line' id='line_1_24' title="bbox 143 1584 885 1629; baseline -0.001 -10"><span class='ocrx_word' id='word_1_194' title='bbox 143 1585 219 1620; x_wconf 84' lang='lat' dir='ltr'><strong>tive</strong></span> <span class='ocrx_word' id='word_1_195' title='bbox 254 1584 426 1629; x_wconf 83' lang='lat' dir='ltr'><strong>Singular</strong></span> <span class='ocrx_word' id='word_1_196' title='bbox 464 1584 563 1619; x_wconf 86' lang='lat' dir='ltr'><strong>eines</strong></span> <span class='ocrx_word' id='word_1_197' title='bbox 594 1585 885 1619; x_wconf 73' lang='lat' dir='ltr'><strong>Volkernamens</strong></span> 
     </span>
     <span class='ocr_line' id='line_1_25' title="bbox 145 1631 554 1666; baseline 0 0"><span class='ocrx_word' id='word_1_198' title='bbox 145 1631 204 1666; x_wconf 72' lang='lat' dir='ltr'><strong>fiir</strong></span> <span class='ocrx_word' id='word_1_199' title='bbox 230 1632 295 1666; x_wconf 85' lang='lat' dir='ltr'><strong>das</strong></span> <span class='ocrx_word' id='word_1_200' title='bbox 321 1632 418 1666; x_wconf 88' lang='lat' dir='ltr'><strong>Heer</strong></span> <span class='ocrx_word' id='word_1_201' title='bbox 445 1632 554 1666; x_wconf 84' lang='lat' dir='ltr'><strong>steht.</strong></span> 
     </span>
    </p>
   </div>
   <div class='ocr_carea' id='block_1_5' title="bbox 142 1691 890 1875">
    <p class='ocr_par' dir='ltr' id='par_1_5' title="bbox 142 1691 890 1875">
     <span class='ocr_line' id='line_1_26' title="bbox 194 1691 886 1736; baseline 0 -11"><span class='ocrx_word' id='word_1_202' title='bbox 194 1694 226 1725; x_wconf 91' lang='lat'><strong>7.</strong></span> <span class='ocrx_word' id='word_1_203' title='bbox 270 1691 498 1725; x_wconf 75' lang='lat' dir='ltr'><strong>molientibus</strong></span> <span class='ocrx_word' id='word_1_204' title='bbox 541 1691 586 1725; x_wconf 87' lang='lat' dir='ltr'><strong>ab</strong></span> <span class='ocrx_word' id='word_1_205' title='bbox 630 1694 727 1725; x_wconf 81' lang='lat' dir='ltr'><strong>terra</strong></span> <span class='ocrx_word' id='word_1_206' title='bbox 764 1691 886 1736; x_wconf 68' lang='lat' dir='ltr'><strong>navis]</strong></span> 
     </span>
     <span class='ocr_line' id='line_1_27' title="bbox 143 1737 887 1781; baseline 0.003 -10"><span class='ocrx_word' id='word_1_207' title='bbox 143 1739 244 1772; x_wconf 78' lang='lat' dir='ltr'><strong>sonst</strong></span> <span class='ocrx_word' id='word_1_208' title='bbox 268 1738 392 1772; x_wconf 76' lang='lat' dir='ltr'><strong>moliri</strong></span> <span class='ocrx_word' id='word_1_209' title='bbox 415 1748 570 1772; x_wconf 78' lang='lat' dir='ltr'><strong>ancoras</strong></span> <span class='ocrx_word' id='word_1_210' title='bbox 595 1737 670 1781; x_wconf 87' lang='lat' dir='ltr'><strong>vgl.</strong></span> <span class='ocrx_word' id='word_1_211' title='bbox 691 1749 720 1772; x_wconf 92' lang='lat' dir='ltr'><strong>c.</strong></span> <span class='ocrx_word' id='word_1_212' title='bbox 749 1742 803 1780; x_wconf 96' lang='lat'><strong>17,</strong></span> <span class='ocrx_word' id='word_1_213' title='bbox 832 1741 887 1773; x_wconf 84' lang='lat'><strong>15.</strong></span> 
     </span>
     <span class='ocr_line' id='line_1_28' title="bbox 142 1785 890 1827; baseline 0.001 -8"><span class='ocrx_word' id='word_1_214' title='bbox 142 1795 172 1819; x_wconf 86' lang='lat' dir='ltr'><strong>c.</strong></span> <span class='ocrx_word' id='word_1_215' title='bbox 199 1788 261 1827; x_wconf 83' lang='lat'><strong>36,</strong></span> <span class='ocrx_word' id='word_1_216' title='bbox 291 1788 331 1819; x_wconf 92' lang='lat'><strong>11</strong></span> <span class='ocrx_word' id='word_1_217' title='bbox 365 1795 536 1826; x_wconf 76' lang='lat' dir='ltr'><strong>ancoras,</strong></span> <span class='ocrx_word' id='word_1_218' title='bbox 567 1795 611 1819; x_wconf 87' lang='lat' dir='ltr'><strong>ne</strong></span> <span class='ocrx_word' id='word_1_219' title='bbox 641 1785 682 1818; x_wconf 85' lang='lat' dir='ltr'><strong>in</strong></span> <span class='ocrx_word' id='word_1_220' title='bbox 712 1785 890 1820; x_wconf 76' lang='lat' dir='ltr'><strong>moliendo</strong></span> 
     </span>
     <span class='ocr_line' id='line_1_29' title="bbox 144 1832 627 1875; baseline -0.002 -9"><span class='ocrx_word' id='word_1_221' title='bbox 144 1842 245 1866; x_wconf 85' lang='lat' dir='ltr'><strong>mora</strong></span> <span class='ocrx_word' id='word_1_222' title='bbox 271 1835 376 1874; x_wconf 80' lang='lat' dir='ltr'><strong>esset,</strong></span> <span class='ocrx_word' id='word_1_223' title='bbox 395 1832 627 1875; x_wconf 77' lang='lat' dir='ltr'><strong>praecidunt.</strong></span> 
     </span>
    </p>
   </div>
   <div class='ocr_carea' id='block_1_6' title="bbox 141 1889 889 2944">
    <p class='ocr_par' dir='ltr' id='par_1_6' title="bbox 141 1889 888 2114">
     <span class='ocr_line' id='line_1_30' title="bbox 191 1889 886 1935; baseline 0 -10"><span class='ocrx_word' id='word_1_224' title='bbox 191 1895 222 1926; x_wconf 89' lang='lat'><strong>8.</strong></span> <span class='ocrx_word' id='word_1_225' title='bbox 250 1893 374 1925; x_wconf 83' lang='lat' dir='ltr'><strong>tantae</strong></span> <span class='ocrx_word' id='word_1_226' title='bbox 392 1891 445 1924; x_wconf 74' lang='lat' dir='ltr'><strong>rei</strong></span> <span class='ocrx_word' id='word_1_227' title='bbox 463 1890 666 1935; x_wconf 83' lang='lat' dir='ltr'><strong>fortunam]</strong></span> <span class='ocrx_word' id='word_1_228' title='bbox 690 1889 886 1934; x_wconf 77' lang='lat' dir='ltr'><strong>„gfinstige</strong></span> 
     </span>
     <span class='ocr_line' id='line_1_31' title="bbox 146 1936 888 1982; baseline -0.004 -9"><span class='ocrx_word' id='word_1_229' title='bbox 146 1936 392 1982; x_wconf 86' lang='lat' dir='ltr'><strong>Gelegenheit</strong></span> <span class='ocrx_word' id='word_1_230' title='bbox 410 1948 453 1971; x_wconf 91' lang='lat' dir='ltr'><strong>zu</strong></span> <span class='ocrx_word' id='word_1_231' title='bbox 473 1937 574 1971; x_wconf 88' lang='lat' dir='ltr'><strong>einer</strong></span> <span class='ocrx_word' id='word_1_232' title='bbox 590 1937 741 1971; x_wconf 86' lang='lat' dir='ltr'><strong>solchen</strong></span> <span class='ocrx_word' id='word_1_233' title='bbox 755 1937 888 1971; x_wconf 73' lang='lat' dir='ltr'><strong>Unter:</strong></span> 
     </span>
     <span class='ocr_line' id='line_1_32' title="bbox 141 1983 885 2029; baseline -0.001 -10"><span class='ocrx_word' id='word_1_234' title='bbox 141 1985 370 2029; x_wconf 84' lang='lat' dir='ltr'><strong>nehmung“;</strong></span> <span class='ocrx_word' id='word_1_235' title='bbox 386 1984 461 2028; x_wconf 85' lang='lat' dir='ltr'><strong>vgl.</strong></span> <span class='ocrx_word' id='word_1_236' title='bbox 471 1983 530 2027; x_wconf 83' lang='grc'><strong>26,</strong></span> <span class='ocrx_word' id='word_1_237' title='bbox 541 1988 572 2027; x_wconf 88' lang='grc'><strong>7,</strong></span> <span class='ocrx_word' id='word_1_238' title='bbox 581 1988 601 2018; x_wconf 82' lang='grc'>5</span> <span class='ocrx_word' id='word_1_239' title='bbox 614 1984 698 2018; x_wconf 86' lang='lat' dir='ltr'><strong>bene</strong></span> <span class='ocrx_word' id='word_1_240' title='bbox 710 1985 885 2028; x_wconf 73' lang='lat' dir='ltr'><strong>yerendae</strong></span> 
     </span>
     <span class='ocr_line' id='line_1_33' title="bbox 144 2031 883 2076; baseline -0.003 -9"><span class='ocrx_word' id='word_1_241' title='bbox 144 2033 197 2067; x_wconf 76' lang='lat' dir='ltr'><strong>rei</strong></span> <span class='ocrx_word' id='word_1_242' title='bbox 214 2033 412 2074; x_wconf 81' lang='lat' dir='ltr'><strong>fortunam.</strong></span> <span class='ocrx_word' id='word_1_243' title='bbox 447 2031 479 2075; x_wconf 91' lang='lat'><strong>1,</strong></span> <span class='ocrx_word' id='word_1_244' title='bbox 509 2035 565 2076; x_wconf 88' lang='lat'><strong>10,</strong></span> <span class='ocrx_word' id='word_1_245' title='bbox 594 2034 612 2065; x_wconf 92' lang='lat'><strong>7</strong></span> <span class='ocrx_word' id='word_1_246' title='bbox 639 2032 715 2066; x_wconf 76' lang='lat' dir='ltr'><strong>eius</strong></span> <span class='ocrx_word' id='word_1_247' title='bbox 733 2031 883 2074; x_wconf 76' lang='lat' dir='ltr'><strong>fortuna</strong></span> 
     </span>
     <span class='ocr_line' id='line_1_34' title="bbox 142 2079 289 2114; baseline -0.007 0"><span class='ocrx_word' id='word_1_248' title='bbox 142 2079 289 2114; x_wconf 72' lang='lat' dir='ltr'><strong>decoris.</strong></span> 
     </span>
    </p>

    <p class='ocr_par' dir='ltr' id='par_1_7' title="bbox 143 2136 888 2416">
     <span class='ocr_line' id='line_1_35' title="bbox 190 2136 885 2183; baseline 0.001 -12"><span class='ocrx_word' id='word_1_249' title='bbox 190 2136 234 2172; x_wconf 68' lang='lat' dir='ltr'><strong>ea:</strong></span> <span class='ocrx_word' id='word_1_250' title='bbox 259 2137 372 2172; x_wconf 69' lang='lat' dir='ltr'><strong>oculis</strong></span> <span class='ocrx_word' id='word_1_251' title='bbox 397 2158 443 2161; x_wconf 97' lang='lat'><strong>—</strong></span> <span class='ocrx_word' id='word_1_252' title='bbox 469 2137 629 2183; x_wconf 77' lang='lat' dir='ltr'><strong>raptam]</strong></span> <span class='ocrx_word' id='word_1_253' title='bbox 659 2137 733 2182; x_wconf 87' lang='lat' dir='ltr'><strong>vgl.</strong></span> <span class='ocrx_word' id='word_1_254' title='bbox 756 2149 784 2172; x_wconf 89' lang='lat' dir='ltr'><strong>c.</strong></span> <span class='ocrx_word' id='word_1_255' title='bbox 806 2142 839 2181; x_wconf 89' lang='grc'><strong>8,</strong></span> <span class='ocrx_word' id='word_1_256' title='bbox 869 2143 885 2172; x_wconf 94' lang='grc'><strong>1</strong></span> 
     </span>
     <span class='ocr_line' id='line_1_36' title="bbox 143 2185 887 2229; baseline 0.001 -10"><span class='ocrx_word' id='word_1_257' title='bbox 143 2185 341 2229; x_wconf 72' lang='lat' dir='ltr'><strong>rapientem</strong></span> <span class='ocrx_word' id='word_1_258' title='bbox 366 2185 487 2220; x_wconf 81' lang='lat' dir='ltr'><strong>omnia</strong></span> <span class='ocrx_word' id='word_1_259' title='bbox 514 2196 557 2219; x_wconf 76' lang='lat' dir='ltr'><strong>ea:</strong></span> <span class='ocrx_word' id='word_1_260' title='bbox 588 2186 701 2219; x_wconf 73' lang='lat' dir='ltr'><strong>oculis</strong></span> <span class='ocrx_word' id='word_1_261' title='bbox 708 2199 720 2227; x_wconf 91' lang='lat'><em>;</em></span> <span class='ocrx_word' id='word_1_262' title='bbox 754 2186 887 2220; x_wconf 86' lang='lat' dir='ltr'><strong>ebenso</strong></span> 
     </span>
     <span class='ocr_line' id='line_1_37' title="bbox 144 2232 888 2277; baseline 0.001 -12"><span class='ocrx_word' id='word_1_263' title='bbox 144 2233 185 2266; x_wconf 78' lang='lat' dir='ltr'><strong>in</strong></span> <span class='ocrx_word' id='word_1_264' title='bbox 210 2232 323 2267; x_wconf 78' lang='lat' dir='ltr'><strong>oculis</strong></span> <span class='ocrx_word' id='word_1_265' title='bbox 350 2249 393 2260; x_wconf 95' lang='lat'>=</span> <span class='ocrx_word' id='word_1_266' title='bbox 418 2233 460 2266; x_wconf 77' lang='lat' dir='ltr'><strong>in</strong></span> <span class='ocrx_word' id='word_1_267' title='bbox 491 2235 699 2276; x_wconf 77' lang='lat' dir='ltr'><strong>conspectu3</strong></span> <span class='ocrx_word' id='word_1_268' title='bbox 726 2233 799 2277; x_wconf 86' lang='lat' dir='ltr'><strong>vgl.</strong></span> <span class='ocrx_word' id='word_1_269' title='bbox 827 2232 888 2276; x_wconf 85' lang='grc'><strong>26,</strong></span> 
     </span>
     <span class='ocr_line' id='line_1_38' title="bbox 147 2280 887 2323; baseline 0.001 -11"><span class='ocrx_word' id='word_1_270' title='bbox 147 2282 201 2321; x_wconf 82' lang='lat'><strong>12,</strong></span> <span class='ocrx_word' id='word_1_271' title='bbox 224 2281 278 2313; x_wconf 82' lang='lat'><strong>12.</strong></span> <span class='ocrx_word' id='word_1_272' title='bbox 306 2289 335 2312; x_wconf 90' lang='lat' dir='ltr'><strong>c.</strong></span> <span class='ocrx_word' id='word_1_273' title='bbox 357 2283 413 2320; x_wconf 86' lang='lat'><strong>35,</strong></span> <span class='ocrx_word' id='word_1_274' title='bbox 435 2283 467 2313; x_wconf 89' lang='lat'><strong>7.</strong></span> <span class='ocrx_word' id='word_1_275' title='bbox 494 2290 524 2313; x_wconf 90' lang='lat' dir='ltr'><strong>c.</strong></span> <span class='ocrx_word' id='word_1_276' title='bbox 545 2283 601 2323; x_wconf 88' lang='lat'><strong>39,</strong></span> <span class='ocrx_word' id='word_1_277' title='bbox 623 2283 677 2313; x_wconf 71' lang='lat'><strong>23.</strong></span> <span class='ocrx_word' id='word_1_278' title='bbox 704 2290 748 2314; x_wconf 75' lang='lat' dir='ltr'><strong>ex</strong></span> <span class='ocrx_word' id='word_1_279' title='bbox 773 2280 887 2314; x_wconf 74' lang='lat' dir='ltr'><strong>oeulis</strong></span> 
     </span>
     <span class='ocr_line' id='line_1_39' title="bbox 144 2324 886 2370; baseline 0.003 -11"><span class='ocrx_word' id='word_1_280' title='bbox 144 2324 203 2368; x_wconf 80' lang='grc'><strong>26,</strong></span> <span class='ocrx_word' id='word_1_281' title='bbox 232 2328 286 2368; x_wconf 90' lang='grc'>19,</span> <span class='ocrx_word' id='word_1_282' title='bbox 315 2330 345 2360; x_wconf 90' lang='grc'><strong>7.</strong></span> <span class='ocrx_word' id='word_1_283' title='bbox 372 2325 431 2368; x_wconf 81' lang='grc'><strong>25,</strong></span> <span class='ocrx_word' id='word_1_284' title='bbox 461 2330 515 2369; x_wconf 84' lang='grc'><strong>16,</strong></span> <span class='ocrx_word' id='word_1_285' title='bbox 542 2330 573 2360; x_wconf 84' lang='lat'><strong>2.</strong></span> <span class='ocrx_word' id='word_1_286' title='bbox 600 2327 665 2361; x_wconf 76' lang='lat' dir='ltr'><strong>sub</strong></span> <span class='ocrx_word' id='word_1_287' title='bbox 686 2327 800 2361; x_wconf 70' lang='lat' dir='ltr'><strong>oculis</strong></span> <span class='ocrx_word' id='word_1_288' title='bbox 826 2326 886 2370; x_wconf 79' lang='grc'><strong>26,</strong></span> 
     </span>
     <span class='ocr_line' id='line_1_40' title="bbox 145 2372 726 2416; baseline 0.003 -10"><span class='ocrx_word' id='word_1_289' title='bbox 145 2375 200 2414; x_wconf 87' lang='grc'><strong>38,</strong></span> <span class='ocrx_word' id='word_1_290' title='bbox 228 2376 260 2406; x_wconf 84' lang='grc'><strong>9.</strong></span> <span class='ocrx_word' id='word_1_291' title='bbox 287 2372 329 2407; x_wconf 88' lang='lat' dir='ltr'><strong>ob</strong></span> <span class='ocrx_word' id='word_1_292' title='bbox 355 2374 474 2407; x_wconf 77' lang='lat' dir='ltr'><strong>oculos</strong></span> <span class='ocrx_word' id='word_1_293' title='bbox 499 2372 559 2416; x_wconf 85' lang='lat'><strong>28,</strong></span> <span class='ocrx_word' id='word_1_294' title='bbox 589 2377 643 2416; x_wconf 83' lang='lat'><strong>19,</strong></span> <span class='ocrx_word' id='word_1_295' title='bbox 673 2378 726 2408; x_wconf 84' lang='lat'><strong>14.</strong></span> 
     </span>
    </p>

    <p class='ocr_par' dir='ltr' id='par_1_8' title="bbox 144 2430 889 2944">
     <span class='ocr_line' id='line_1_41' title="bbox 193 2430 885 2476; baseline 0.001 -11"><span class='ocrx_word' id='word_1_296' title='bbox 193 2434 224 2465; x_wconf 81' lang='lat'><strong>9.</strong></span> <span class='ocrx_word' id='word_1_297' title='bbox 245 2430 321 2464; x_wconf 81' lang='lat' dir='ltr'><strong>viso</strong></span> <span class='ocrx_word' id='word_1_298' title='bbox 338 2431 460 2465; x_wconf 81' lang='lat' dir='ltr'><strong>statim</strong></span> <span class='ocrx_word' id='word_1_299' title='bbox 475 2431 585 2476; x_wconf 81' lang='lat' dir='ltr'><strong>hoste]</strong></span> <span class='ocrx_word' id='word_1_300' title='bbox 603 2432 662 2466; x_wconf 88' lang='lat' dir='ltr'><strong>die</strong></span> <span class='ocrx_word' id='word_1_301' title='bbox 677 2431 885 2467; x_wconf 82' lang='lat' dir='ltr'><strong>Zeitadver-</strong></span> 
     </span>
     <span class='ocr_line' id='line_1_42' title="bbox 146 2477 887 2522; baseline 0.004 -11"><span class='ocrx_word' id='word_1_302' title='bbox 146 2477 232 2512; x_wconf 87' lang='lat' dir='ltr'><strong>bien</strong></span> <span class='ocrx_word' id='word_1_303' title='bbox 245 2478 381 2520; x_wconf 77' lang='lat' dir='ltr'><strong>statim,</strong></span> <span class='ocrx_word' id='word_1_304' title='bbox 394 2479 579 2522; x_wconf 73' lang='lat' dir='ltr'><strong>extemplo,</strong></span> <span class='ocrx_word' id='word_1_305' title='bbox 599 2480 717 2521; x_wconf 73' lang='lat' dir='ltr'><strong>simul,</strong></span> <span class='ocrx_word' id='word_1_306' title='bbox 736 2480 887 2514; x_wconf 76' lang='lat' dir='ltr'><strong>vioedum</strong></span> 
     </span>
     <span class='ocr_line' id='line_1_43' title="bbox 144 2524 887 2571; baseline 0.001 -13"><span class='ocrx_word' id='word_1_307' title='bbox 144 2525 266 2559; x_wconf 84' lang='lat' dir='ltr'><strong>treten</strong></span> <span class='ocrx_word' id='word_1_308' title='bbox 297 2536 370 2558; x_wconf 88' lang='lat' dir='ltr'><strong>von</strong></span> <span class='ocrx_word' id='word_1_309' title='bbox 403 2524 483 2559; x_wconf 90' lang='lat' dir='ltr'><strong>Liv.</strong></span> <span class='ocrx_word' id='word_1_310' title='bbox 517 2524 563 2559; x_wconf 86' lang='lat' dir='ltr'><strong>ab</strong></span> <span class='ocrx_word' id='word_1_311' title='bbox 598 2526 691 2560; x_wconf 84' lang='lat' dir='ltr'><strong>nach</strong></span> <span class='ocrx_word' id='word_1_312' title='bbox 727 2526 887 2571; x_wconf 86' lang='lat' dir='ltr'><strong>griechi-</strong></span> 
     </span>
     <span class='ocr_line' id='line_1_44' title="bbox 145 2570 888 2616; baseline 0.001 -10"><span class='ocrx_word' id='word_1_313' title='bbox 145 2572 270 2606; x_wconf 87' lang='lat' dir='ltr'><strong>schem</strong></span> <span class='ocrx_word' id='word_1_314' title='bbox 302 2570 481 2606; x_wconf 87' lang='lat' dir='ltr'><strong>Vorbilde</strong></span> <span class='ocrx_word' id='word_1_315' title='bbox 512 2582 603 2616; x_wconf 89' lang='lat' dir='ltr'><strong>gern</strong></span> <span class='ocrx_word' id='word_1_316' title='bbox 635 2584 696 2606; x_wconf 89' lang='lat' dir='ltr'><strong>zur</strong></span> <span class='ocrx_word' id='word_1_317' title='bbox 726 2574 888 2608; x_wconf 71' lang='lat' dir='ltr'><strong>naheren</strong></span> 
     </span>
     <span class='ocr_line' id='line_1_45' title="bbox 145 2618 889 2663; baseline 0.003 -10"><span class='ocrx_word' id='word_1_318' title='bbox 145 2618 404 2663; x_wconf 77' lang='lat' dir='ltr'><strong>Bestimmung</strong></span> <span class='ocrx_word' id='word_1_319' title='bbox 443 2619 505 2652; x_wconf 88' lang='lat' dir='ltr'><strong>des</strong></span> <span class='ocrx_word' id='word_1_320' title='bbox 543 2618 889 2655; x_wconf 81' lang='lat' dir='ltr'><strong>Zeitverh&#39;altnisses</strong></span> 
     </span>
     <span class='ocr_line' id='line_1_46' title="bbox 147 2665 889 2710; baseline 0.001 -10"><span class='ocrx_word' id='word_1_321' title='bbox 147 2677 190 2700; x_wconf 90' lang='lat' dir='ltr'><strong>zu</strong></span> <span class='ocrx_word' id='word_1_322' title='bbox 249 2665 318 2700; x_wconf 91' lang='lat' dir='ltr'><strong>den</strong></span> <span class='ocrx_word' id='word_1_323' title='bbox 375 2665 889 2710; x_wconf 82' lang='lat' dir='ltr'><strong>Participalkonstruktionen</strong></span> 
     </span>
     <span class='ocr_line' id='line_1_47' title="bbox 145 2711 889 2757; baseline 0.004 -12"><span class='ocrx_word' id='word_1_324' title='bbox 145 2711 272 2753; x_wconf 83' lang='lat' dir='ltr'><strong>hinzu;</strong></span> <span class='ocrx_word' id='word_1_325' title='bbox 303 2712 376 2756; x_wconf 86' lang='lat' dir='ltr'><strong>vgl.</strong></span> <span class='ocrx_word' id='word_1_326' title='bbox 397 2712 457 2756; x_wconf 81' lang='lat'><strong>24,</strong></span> <span class='ocrx_word' id='word_1_327' title='bbox 484 2717 541 2757; x_wconf 84' lang='lat'><strong>27,</strong></span> <span class='ocrx_word' id='word_1_328' title='bbox 567 2717 589 2746; x_wconf 85' lang='lat'>4</span> <span class='ocrx_word' id='word_1_329' title='bbox 615 2714 672 2747; x_wconf 66' lang='lat' dir='ltr'><em>illc·</em></span> <span class='ocrx_word' id='word_1_330' title='bbox 696 2734 742 2738; x_wconf 89' lang='lat'><strong>—</strong></span> <span class='ocrx_word' id='word_1_331' title='bbox 766 2715 889 2748; x_wconf 70' lang='lat' dir='ltr'><strong>statim</strong></span> 
     </span>
     <span class='ocr_line' id='line_1_48' title="bbox 147 2760 889 2795; baseline 0.001 -2"><span class='ocrx_word' id='word_1_332' title='bbox 147 2760 258 2794; x_wconf 81' lang='lat' dir='ltr'><strong>creati</strong></span> <span class='ocrx_word' id='word_1_333' title='bbox 297 2776 340 2787; x_wconf 89' lang='lat'><strong><em>=</em></strong></span> <span class='ocrx_word' id='word_1_334' title='bbox 375 2760 620 2794; x_wconf 82' lang='lat' dir='ltr'><strong>unmittelbar</strong></span> <span class='ocrx_word' id='word_1_335' title='bbox 658 2760 753 2794; x_wconf 86' lang='lat' dir='ltr'><strong>nach</strong></span> <span class='ocrx_word' id='word_1_336' title='bbox 791 2760 889 2795; x_wconf 88' lang='lat' dir='ltr'><strong>ihrer</strong></span> 
     </span>
     <span class='ocr_line' id='line_1_49' title="bbox 146 2805 888 2851; baseline 0.001 -11"><span class='ocrx_word' id='word_1_337' title='bbox 146 2805 270 2841; x_wconf 80' lang='lat' dir='ltr'><strong>Wahl.</strong></span> <span class='ocrx_word' id='word_1_338' title='bbox 324 2806 388 2851; x_wconf 89' lang='lat'><strong>10,</strong></span> <span class='ocrx_word' id='word_1_339' title='bbox 415 2811 476 2850; x_wconf 82' lang='lat'><strong>26,</strong></span> <span class='ocrx_word' id='word_1_340' title='bbox 506 2811 525 2841; x_wconf 81' lang='lat'>5</span> <span class='ocrx_word' id='word_1_341' title='bbox 559 2808 730 2851; x_wconf 76' lang='lat' dir='ltr'><strong>eoetemplo</strong></span> <span class='ocrx_word' id='word_1_342' title='bbox 762 2818 888 2842; x_wconf 78' lang='lat' dir='ltr'><strong>consu-</strong></span> 
     </span>
     <span class='ocr_line' id='line_1_50' title="bbox 148 2853 889 2897; baseline 0 -9"><span class='ocrx_word' id='word_1_343' title='bbox 148 2853 227 2888; x_wconf 81' lang='lat' dir='ltr'><strong>latu</strong></span> <span class='ocrx_word' id='word_1_344' title='bbox 251 2854 354 2888; x_wconf 83' lang='lat' dir='ltr'><strong>inito.</strong></span> <span class='ocrx_word' id='word_1_345' title='bbox 391 2853 450 2897; x_wconf 89' lang='lat'><strong>22,</strong></span> <span class='ocrx_word' id='word_1_346' title='bbox 471 2859 503 2896; x_wconf 92' lang='lat'><strong>3,</strong></span> <span class='ocrx_word' id='word_1_347' title='bbox 528 2858 567 2888; x_wconf 92' lang='grc'><strong>11</strong></span> <span class='ocrx_word' id='word_1_348' title='bbox 589 2855 674 2889; x_wconf 74' lang='lat' dir='ltr'><strong>haec</strong></span> <span class='ocrx_word' id='word_1_349' title='bbox 699 2855 806 2888; x_wconf 64' lang='lat' dir='ltr'><strong>81⁴an</strong></span> <span class='ocrx_word' id='word_1_350' title='bbox 834 2856 889 2889; x_wconf 81' lang='lat' dir='ltr'><strong>in—</strong></span> 
     </span>
     <span class='ocr_line' id='line_1_51' title="bbox 148 2910 308 2944; baseline -0.006 -10"><span class='ocrx_word' id='word_1_351' title='bbox 148 2910 308 2944; x_wconf 79' lang='lat' dir='ltr'><strong>crepans.</strong></span> 
     </span>
    </p>
   </div>
   <div class='ocr_carea' id='block_1_7' title="bbox 956 1441 1707 2936">
    <p class='ocr_par' dir='ltr' id='par_1_9' title="bbox 958 1441 1704 1713">
     <span class='ocr_line' id='line_1_52' title="bbox 1006 1441 1702 1488; baseline -0.004 -10"><span class='ocrx_word' id='word_1_352' title='bbox 1006 1444 1104 1478; x_wconf 76' lang='lat' dir='ltr'><strong>circa</strong></span> <span class='ocrx_word' id='word_1_353' title='bbox 1133 1443 1309 1488; x_wconf 76' lang='lat' dir='ltr'><strong>Opuntem</strong></span> <span class='ocrx_word' id='word_1_354' title='bbox 1335 1442 1454 1487; x_wconf 81' lang='lat' dir='ltr'><strong>rebus]</strong></span> <span class='ocrx_word' id='word_1_355' title='bbox 1483 1442 1581 1476; x_wconf 82' lang='lat' dir='ltr'><strong>circa</strong></span> <span class='ocrx_word' id='word_1_356' title='bbox 1602 1459 1644 1470; x_wconf 90' lang='lat'><strong><em>=</em></strong></span> <span class='ocrx_word' id='word_1_357' title='bbox 1664 1441 1702 1475; x_wconf 91' lang='lat' dir='ltr'><strong>in</strong></span> 
     </span>
     <span class='ocr_line' id='line_1_53' title="bbox 959 1488 1702 1536; baseline -0.004 -11"><span class='ocrx_word' id='word_1_358' title='bbox 959 1490 1022 1525; x_wconf 90' lang='lat' dir='ltr'><strong>der</strong></span> <span class='ocrx_word' id='word_1_359' title='bbox 1053 1490 1313 1536; x_wconf 85' lang='lat' dir='ltr'><strong>Umgrenzung</strong></span> <span class='ocrx_word' id='word_1_360' title='bbox 1349 1489 1448 1524; x_wconf 87' lang='lat' dir='ltr'><strong>eines</strong></span> <span class='ocrx_word' id='word_1_361' title='bbox 1482 1488 1589 1524; x_wconf 83' lang='lat' dir='ltr'><strong>Ortes</strong></span> <span class='ocrx_word' id='word_1_362' title='bbox 1626 1488 1702 1522; x_wconf 87' lang='lat' dir='ltr'><strong>und</strong></span> 
     </span>
     <span class='ocr_line' id='line_1_54' title="bbox 958 1535 1704 1579; baseline -0.004 -7"><span class='ocrx_word' id='word_1_363' title='bbox 958 1537 1009 1571; x_wconf 88' lang='lat' dir='ltr'><strong>im</strong></span> <span class='ocrx_word' id='word_1_364' title='bbox 1037 1537 1123 1572; x_wconf 84' lang='lat' dir='ltr'><strong>Orte</strong></span> <span class='ocrx_word' id='word_1_365' title='bbox 1156 1537 1287 1579; x_wconf 86' lang='lat' dir='ltr'><strong>selbst;</strong></span> <span class='ocrx_word' id='word_1_366' title='bbox 1324 1547 1396 1571; x_wconf 90' lang='lat' dir='ltr'><strong>von</strong></span> <span class='ocrx_word' id='word_1_367' title='bbox 1422 1536 1499 1570; x_wconf 89' lang='lat' dir='ltr'><strong>Liv.</strong></span> <span class='ocrx_word' id='word_1_368' title='bbox 1527 1536 1574 1570; x_wconf 86' lang='lat' dir='ltr'><strong>ab</strong></span> <span class='ocrx_word' id='word_1_369' title='bbox 1601 1535 1704 1569; x_wconf 90' lang='lat' dir='ltr'><strong>nicht</strong></span> 
     </span>
     <span class='ocr_line' id='line_1_55' title="bbox 960 1583 1704 1629; baseline -0.003 -11"><span class='ocrx_word' id='word_1_370' title='bbox 960 1585 1094 1625; x_wconf 83' lang='lat' dir='ltr'><strong>selten;</strong></span> <span class='ocrx_word' id='word_1_371' title='bbox 1109 1585 1184 1629; x_wconf 83' lang='lat' dir='ltr'><strong>vgl.</strong></span> <span class='ocrx_word' id='word_1_372' title='bbox 1199 1584 1231 1627; x_wconf 90' lang='lat' dir='ltr'><strong>l,</strong></span> <span class='ocrx_word' id='word_1_373' title='bbox 1243 1587 1296 1625; x_wconf 89' lang='lat'><strong>18,</strong></span> <span class='ocrx_word' id='word_1_374' title='bbox 1306 1587 1326 1617; x_wconf 86' lang='lat'><strong>2</strong></span> <span class='ocrx_word' id='word_1_375' title='bbox 1342 1585 1440 1618; x_wconf 80' lang='lat' dir='ltr'><strong>circa</strong></span> <span class='ocrx_word' id='word_1_376' title='bbox 1450 1583 1704 1627; x_wconf 75' lang='lat' dir='ltr'><strong>Metapontum</strong></span> 
     </span>
     <span class='ocr_line' id='line_1_56' title="bbox 959 1630 1702 1676; baseline -0.004 -10"><span class='ocrx_word' id='word_1_377' title='bbox 959 1632 1242 1676; x_wconf 74' lang='lat' dir='ltr'><strong>Heracleamque</strong></span> <span class='ocrx_word' id='word_1_378' title='bbox 1353 1631 1419 1673; x_wconf 87' lang='lat' dir='ltr'><strong>„in</strong></span> <span class='ocrx_word' id='word_1_379' title='bbox 1454 1630 1528 1664; x_wconf 87' lang='lat' dir='ltr'><strong>und</strong></span> <span class='ocrx_word' id='word_1_380' title='bbox 1560 1642 1622 1663; x_wconf 89' lang='lat' dir='ltr'><strong>um</strong></span> <span class='ocrx_word' id='word_1_381' title='bbox 1654 1630 1702 1663; x_wconf 84' lang='lat' dir='ltr'><strong>M.</strong></span> 
     </span>
     <span class='ocr_line' id='line_1_57' title="bbox 959 1679 1129 1713; baseline -0.006 0"><span class='ocrx_word' id='word_1_382' title='bbox 959 1679 1032 1713; x_wconf 86' lang='lat' dir='ltr'><strong>und</strong></span> <span class='ocrx_word' id='word_1_383' title='bbox 1059 1679 1129 1713; x_wconf 90' lang='lat' dir='ltr'><strong>H.“</strong></span> 
     </span>
    </p>

    <p class='ocr_par' dir='ltr' id='par_1_10' title="bbox 961 1723 1703 1808">
     <span class='ocr_line' id='line_1_58' title="bbox 1012 1723 1703 1771; baseline -0.004 -11"><span class='ocrx_word' id='word_1_384' title='bbox 1012 1726 1227 1771; x_wconf 74' lang='lat' dir='ltr'><strong>Thronium]</strong></span> <span class='ocrx_word' id='word_1_385' title='bbox 1256 1726 1442 1769; x_wconf 85' lang='lat' dir='ltr'><strong>Hauptort</strong></span> <span class='ocrx_word' id='word_1_386' title='bbox 1465 1724 1528 1758; x_wconf 87' lang='lat' dir='ltr'><strong>der</strong></span> <span class='ocrx_word' id='word_1_387' title='bbox 1554 1723 1703 1768; x_wconf 86' lang='lat' dir='ltr'><strong>epikne-</strong></span> 
     </span>
     <span class='ocr_line' id='line_1_59' title="bbox 961 1773 1340 1808; baseline -0.003 -2"><span class='ocrx_word' id='word_1_388' title='bbox 961 1773 1166 1808; x_wconf 88' lang='lat' dir='ltr'><strong>midischen</strong></span> <span class='ocrx_word' id='word_1_389' title='bbox 1191 1773 1340 1807; x_wconf 87' lang='lat' dir='ltr'><strong>Lokrer.</strong></span> 
     </span>
    </p>

    <p class='ocr_par' dir='ltr' id='par_1_11' title="bbox 960 1819 1706 1996">
     <span class='ocr_line' id='line_1_60' title="bbox 1011 1819 1376 1864; baseline -0.003 -10"><span class='ocrx_word' id='word_1_390' title='bbox 1011 1823 1063 1854; x_wconf 90' lang='lat'><strong>10.</strong></span> <span class='ocrx_word' id='word_1_391' title='bbox 1091 1821 1230 1854; x_wconf 76' lang='lat' dir='ltr'><strong>omissis</strong></span> <span class='ocrx_word' id='word_1_392' title='bbox 1255 1819 1376 1864; x_wconf 73' lang='lat' dir='ltr'><strong>rebus]</strong></span> 
     </span>
     <span class='ocr_line' id='line_1_61' title="bbox 961 1866 1703 1910; baseline -0.001 -11"><span class='ocrx_word' id='word_1_393' title='bbox 961 1866 1160 1902; x_wconf 75' lang='lat' dir='ltr'><strong>Vol-haben</strong></span> <span class='ocrx_word' id='word_1_394' title='bbox 1203 1866 1305 1907; x_wconf 86' lang='lat' dir='ltr'><strong>auf“;</strong></span> <span class='ocrx_word' id='word_1_395' title='bbox 1367 1866 1442 1910; x_wconf 85' lang='lat' dir='ltr'><strong>vgl.</strong></span> <span class='ocrx_word' id='word_1_396' title='bbox 1482 1876 1511 1899; x_wconf 92' lang='lat' dir='ltr'><strong>c.</strong></span> <span class='ocrx_word' id='word_1_397' title='bbox 1551 1869 1613 1907; x_wconf 80' lang='lat'><strong>25,</strong></span> <span class='ocrx_word' id='word_1_398' title='bbox 1662 1869 1703 1899; x_wconf 93' lang='grc'><strong>11</strong></span> 
     </span>
     <span class='ocr_line' id='line_1_62' title="bbox 960 1912 1706 1957; baseline -0.003 -9"><span class='ocrx_word' id='word_1_399' title='bbox 960 1915 1088 1948; x_wconf 78' lang='lat' dir='ltr'><strong>omisso</strong></span> <span class='ocrx_word' id='word_1_400' title='bbox 1108 1915 1257 1957; x_wconf 76' lang='lat' dir='ltr'><strong>incepto.</strong></span> <span class='ocrx_word' id='word_1_401' title='bbox 1286 1913 1346 1957; x_wconf 88' lang='lat'><strong>21,</strong></span> <span class='ocrx_word' id='word_1_402' title='bbox 1367 1918 1396 1956; x_wconf 91' lang='lat'><strong>1,</strong></span> <span class='ocrx_word' id='word_1_403' title='bbox 1419 1916 1438 1946; x_wconf 84' lang='lat'>5</span> <span class='ocrx_word' id='word_1_404' title='bbox 1459 1912 1706 1956; x_wconf 77' lang='lat' dir='ltr'><strong>desperatione</strong></span> 
     </span>
     <span class='ocr_line' id='line_1_63' title="bbox 962 1971 1317 1996; baseline -0.006 0"><span class='ocrx_word' id='word_1_405' title='bbox 962 1972 1080 1996; x_wconf 78' lang='lat' dir='ltr'><strong>rerum</strong></span> <span class='ocrx_word' id='word_1_406' title='bbox 1106 1971 1317 1996; x_wconf 74' lang='lat' dir='ltr'><strong>concessum.</strong></span> 
     </span>
    </p>

    <p class='ocr_par' dir='ltr' id='par_1_12' title="bbox 956 2006 1707 2569">
     <span class='ocr_line' id='line_1_64' title="bbox 1010 2006 1704 2052; baseline -0.001 -11"><span class='ocrx_word' id='word_1_407' title='bbox 1010 2011 1063 2042; x_wconf 82' lang='lat'><strong>12.</strong></span> <span class='ocrx_word' id='word_1_408' title='bbox 1091 2008 1246 2052; x_wconf 71' lang='lat' dir='ltr'><strong>profuyi</strong></span> <span class='ocrx_word' id='word_1_409' title='bbox 1277 2008 1322 2042; x_wconf 86' lang='lat' dir='ltr'><strong>ab</strong></span> <span class='ocrx_word' id='word_1_410' title='bbox 1352 2007 1496 2052; x_wconf 79' lang='lat' dir='ltr'><strong>Thebis]</strong></span> <span class='ocrx_word' id='word_1_411' title='bbox 1532 2007 1598 2040; x_wconf 82' lang='lat' dir='ltr'><strong>das</strong></span> <span class='ocrx_word' id='word_1_412' title='bbox 1631 2006 1704 2040; x_wconf 88' lang='lat' dir='ltr'><strong>Ad-</strong></span> 
     </span>
     <span class='ocr_line' id='line_1_65' title="bbox 956 2053 1706 2099; baseline -0.003 -10"><span class='ocrx_word' id='word_1_413' title='bbox 956 2055 1078 2099; x_wconf 81' lang='lat' dir='ltr'><strong>jektiv</strong></span> <span class='ocrx_word' id='word_1_414' title='bbox 1092 2056 1142 2089; x_wconf 86' lang='lat' dir='ltr'><strong>ist</strong></span> <span class='ocrx_word' id='word_1_415' title='bbox 1155 2054 1447 2096; x_wconf 85' lang='lat' dir='ltr'><strong>substantiviert,</strong></span> <span class='ocrx_word' id='word_1_416' title='bbox 1469 2053 1598 2089; x_wconf 78' lang='lat' dir='ltr'><strong>beh‘alt</strong></span> <span class='ocrx_word' id='word_1_417' title='bbox 1617 2054 1706 2088; x_wconf 89' lang='lat' dir='ltr'><strong>aber</strong></span> 
     </span>
     <span class='ocr_line' id='line_1_66' title="bbox 960 2100 1704 2146; baseline -0.003 -10"><span class='ocrx_word' id='word_1_418' title='bbox 960 2102 1057 2136; x_wconf 90' lang='lat' dir='ltr'><strong>noch</strong></span> <span class='ocrx_word' id='word_1_419' title='bbox 1083 2113 1205 2146; x_wconf 86' lang='lat' dir='ltr'><strong>genug</strong></span> <span class='ocrx_word' id='word_1_420' title='bbox 1226 2100 1375 2136; x_wconf 90' lang='lat' dir='ltr'><strong>verbale</strong></span> <span class='ocrx_word' id='word_1_421' title='bbox 1396 2100 1513 2145; x_wconf 86' lang='lat' dir='ltr'><strong>Kraft,</strong></span> <span class='ocrx_word' id='word_1_422' title='bbox 1539 2111 1602 2134; x_wconf 87' lang='lat' dir='ltr'><strong>um</strong></span> <span class='ocrx_word' id='word_1_423' title='bbox 1623 2101 1704 2135; x_wconf 87' lang='lat' dir='ltr'><strong>eine</strong></span> 
     </span>
     <span class='ocr_line' id='line_1_67' title="bbox 961 2148 1703 2193; baseline -0.003 -10"><span class='ocrx_word' id='word_1_424' title='bbox 961 2148 1193 2193; x_wconf 70' lang='lat' dir='ltr'><strong>Praposition</strong></span> <span class='ocrx_word' id='word_1_425' title='bbox 1205 2161 1249 2183; x_wconf 91' lang='lat' dir='ltr'><strong>zu</strong></span> <span class='ocrx_word' id='word_1_426' title='bbox 1261 2148 1462 2191; x_wconf 86' lang='lat' dir='ltr'><strong>erfordern;</strong></span> <span class='ocrx_word' id='word_1_427' title='bbox 1477 2148 1550 2192; x_wconf 86' lang='lat' dir='ltr'><strong>vgl.</strong></span> <span class='ocrx_word' id='word_1_428' title='bbox 1567 2148 1599 2190; x_wconf 85' lang='lat'><strong>1,</strong></span> <span class='ocrx_word' id='word_1_429' title='bbox 1614 2152 1668 2190; x_wconf 85' lang='lat'><strong>17,</strong></span> <span class='ocrx_word' id='word_1_430' title='bbox 1684 2152 1703 2181; x_wconf 82' lang='lat'><strong>2</strong></span> 
     </span>
     <span class='ocr_line' id='line_1_68' title="bbox 961 2195 1704 2238; baseline -0.003 -8"><span class='ocrx_word' id='word_1_431' title='bbox 961 2196 1111 2230; x_wconf 77' lang='lat' dir='ltr'><strong>oriundi</strong></span> <span class='ocrx_word' id='word_1_432' title='bbox 1142 2196 1186 2230; x_wconf 87' lang='lat' dir='ltr'><strong>ab</strong></span> <span class='ocrx_word' id='word_1_433' title='bbox 1221 2195 1380 2230; x_wconf 73' lang='lat' dir='ltr'><strong>Sabinis.</strong></span> <span class='ocrx_word' id='word_1_434' title='bbox 1436 2195 1502 2238; x_wconf 90' lang='lat'><strong>21,</strong></span> <span class='ocrx_word' id='word_1_435' title='bbox 1535 2199 1566 2237; x_wconf 85' lang='lat'><strong>5,</strong></span> <span class='ocrx_word' id='word_1_436' title='bbox 1602 2199 1619 2228; x_wconf 87' lang='lat'><strong>7</strong></span> <span class='ocrx_word' id='word_1_437' title='bbox 1659 2195 1704 2228; x_wconf 88' lang='lat' dir='ltr'><strong>ab</strong></span> 
     </span>
     <span class='ocr_line' id='line_1_69' title="bbox 961 2241 1707 2288; baseline -0.003 -11"><span class='ocrx_word' id='word_1_438' title='bbox 961 2243 1212 2278; x_wconf 77' lang='lat' dir='ltr'><strong>Hermandica</strong></span> <span class='ocrx_word' id='word_1_439' title='bbox 1225 2244 1389 2288; x_wconf 73' lang='lat' dir='ltr'><strong>profuyi.</strong></span> <span class='ocrx_word' id='word_1_440' title='bbox 1423 2241 1471 2276; x_wconf 89' lang='lat' dir='ltr'><strong>Es</strong></span> <span class='ocrx_word' id='word_1_441' title='bbox 1491 2241 1707 2277; x_wconf 78' lang='lat' dir='ltr'><strong>bezeichnet</strong></span> 
     </span>
     <span class='ocr_line' id='line_1_70' title="bbox 959 2287 1706 2334; baseline -0.003 -10"><span class='ocrx_word' id='word_1_442' title='bbox 959 2289 1126 2334; x_wconf 88' lang='lat' dir='ltr'><strong>zugleich</strong></span> <span class='ocrx_word' id='word_1_443' title='bbox 1158 2291 1222 2324; x_wconf 89' lang='lat' dir='ltr'><strong>der</strong></span> <span class='ocrx_word' id='word_1_444' title='bbox 1254 2289 1380 2324; x_wconf 86' lang='lat' dir='ltr'><strong>Plural</strong></span> <span class='ocrx_word' id='word_1_445' title='bbox 1413 2289 1533 2333; x_wconf 84' lang='lat' dir='ltr'><strong>nicht,</strong></span> <span class='ocrx_word' id='word_1_446' title='bbox 1564 2287 1634 2323; x_wconf 83' lang='lat' dir='ltr'><strong>wie</strong></span> <span class='ocrx_word' id='word_1_447' title='bbox 1667 2288 1706 2322; x_wconf 90' lang='lat' dir='ltr'><strong>in</strong></span> 
     </span>
     <span class='ocr_line' id='line_1_71' title="bbox 960 2335 1705 2382; baseline -0.004 -10"><span class='ocrx_word' id='word_1_448' title='bbox 960 2339 1025 2372; x_wconf 87' lang='lat' dir='ltr'><strong>der</strong></span> <span class='ocrx_word' id='word_1_449' title='bbox 1050 2337 1334 2382; x_wconf 76' lang='lat' dir='ltr'><strong>gewohnlichen</strong></span> <span class='ocrx_word' id='word_1_450' title='bbox 1355 2335 1705 2379; x_wconf 81' lang='lat' dir='ltr'><strong>Substantivierung</strong></span> 
     </span>
     <span class='ocr_line' id='line_1_72' title="bbox 960 2383 1706 2427; baseline -0.005 -8"><span class='ocrx_word' id='word_1_451' title='bbox 960 2395 1032 2419; x_wconf 86' lang='lat' dir='ltr'><strong>von</strong></span> <span class='ocrx_word' id='word_1_452' title='bbox 1047 2385 1142 2427; x_wconf 78' lang='lat' dir='ltr'><strong>boni,</strong></span> <span class='ocrx_word' id='word_1_453' title='bbox 1163 2385 1252 2419; x_wconf 77' lang='lat' dir='ltr'><strong>mali</strong></span> <span class='ocrx_word' id='word_1_454' title='bbox 1267 2386 1348 2427; x_wconf 87' lang='lat' dir='ltr'><strong>etc.,</strong></span> <span class='ocrx_word' id='word_1_455' title='bbox 1369 2384 1458 2418; x_wconf 87' lang='lat' dir='ltr'><strong>alle</strong></span> <span class='ocrx_word' id='word_1_456' title='bbox 1478 2383 1608 2425; x_wconf 87' lang='lat' dir='ltr'><strong>Leute,</strong></span> <span class='ocrx_word' id='word_1_457' title='bbox 1625 2393 1706 2417; x_wconf 88' lang='lat' dir='ltr'><strong>son-</strong></span> 
     </span>
     <span class='ocr_line' id='line_1_73' title="bbox 961 2430 1705 2475; baseline -0.003 -10"><span class='ocrx_word' id='word_1_458' title='bbox 961 2431 1048 2465; x_wconf 90' lang='lat' dir='ltr'><strong>dern</strong></span> <span class='ocrx_word' id='word_1_459' title='bbox 1078 2431 1269 2475; x_wconf 87' lang='lat' dir='ltr'><strong>gewisse</strong></span> <span class='ocrx_word' id='word_1_460' title='bbox 1296 2431 1411 2465; x_wconf 87' lang='lat' dir='ltr'><strong>Leute</strong></span> <span class='ocrx_word' id='word_1_461' title='bbox 1437 2430 1538 2465; x_wconf 90' lang='lat' dir='ltr'><strong>einer</strong></span> <span class='ocrx_word' id='word_1_462' title='bbox 1563 2430 1705 2472; x_wconf 87' lang='lat' dir='ltr'><strong>Klasse,</strong></span> 
     </span>
     <span class='ocr_line' id='line_1_74' title="bbox 961 2476 1705 2522; baseline -0.001 -10"><span class='ocrx_word' id='word_1_463' title='bbox 961 2479 1038 2513; x_wconf 84' lang='lat' dir='ltr'><strong>also</strong></span> <span class='ocrx_word' id='word_1_464' title='bbox 1082 2495 1126 2507; x_wconf 94' lang='lat'>=</span> <span class='ocrx_word' id='word_1_465' title='bbox 1169 2477 1423 2522; x_wconf 76' lang='lat' dir='ltr'><strong>Flfichtlinge,</strong></span> <span class='ocrx_word' id='word_1_466' title='bbox 1475 2478 1578 2512; x_wconf 90' lang='lat' dir='ltr'><strong>nicht</strong></span> <span class='ocrx_word' id='word_1_467' title='bbox 1628 2476 1705 2511; x_wconf 88' lang='lat' dir='ltr'><strong>die</strong></span> 
     </span>
     <span class='ocr_line' id='line_1_75' title="bbox 962 2525 1210 2569; baseline 0.004 -10"><span class='ocrx_word' id='word_1_468' title='bbox 962 2525 1210 2569; x_wconf 78' lang='lat' dir='ltr'><strong>Flfichtlinge.</strong></span> 
     </span>
    </p>

    <p class='ocr_par' dir='ltr' id='par_1_13' title="bbox 962 2570 1706 2936">
     <span class='ocr_line' id='line_1_76' title="bbox 1009 2570 1706 2615; baseline -0.007 -8"><span class='ocrx_word' id='word_1_469' title='bbox 1009 2573 1122 2607; x_wconf 77' lang='lat' dir='ltr'><strong>sedem</strong></span> <span class='ocrx_word' id='word_1_470' title='bbox 1137 2593 1180 2597; x_wconf 74' lang='lat'>—</span> <span class='ocrx_word' id='word_1_471' title='bbox 1194 2573 1298 2607; x_wconf 76' lang='lat' dir='ltr'><strong>urbis</strong></span> <span class='ocrx_word' id='word_1_472' title='bbox 1316 2573 1452 2615; x_wconf 76' lang='lat' dir='ltr'><strong>vastae]</strong></span> <span class='ocrx_word' id='word_1_473' title='bbox 1479 2572 1593 2606; x_wconf 81' lang='lat' dir='ltr'><strong>sedem</strong></span> <span class='ocrx_word' id='word_1_474' title='bbox 1614 2570 1706 2603; x_wconf 86' lang='lat' dir='ltr'><strong>wird</strong></span> 
     </span>
     <span class='ocr_line' id='line_1_77' title="bbox 962 2616 1706 2664; baseline -0.004 -11"><span class='ocrx_word' id='word_1_475' title='bbox 962 2620 1077 2654; x_wconf 86' lang='lat' dir='ltr'><strong>durch</strong></span> <span class='ocrx_word' id='word_1_476' title='bbox 1111 2619 1181 2653; x_wconf 89' lang='lat' dir='ltr'><strong>den</strong></span> <span class='ocrx_word' id='word_1_477' title='bbox 1213 2619 1522 2664; x_wconf 85' lang='lat' dir='ltr'><strong>epexegetischen</strong></span> <span class='ocrx_word' id='word_1_478' title='bbox 1554 2616 1706 2652; x_wconf 85' lang='lat' dir='ltr'><strong>Genitiv</strong></span> 
     </span>
     <span class='ocr_line' id='line_1_78' title="bbox 962 2665 1706 2701; baseline -0.005 0"><span class='ocrx_word' id='word_1_479' title='bbox 962 2667 1063 2701; x_wconf 74' lang='lat' dir='ltr'><strong>urbis</strong></span> <span class='ocrx_word' id='word_1_480' title='bbox 1082 2670 1205 2701; x_wconf 71' lang='lat' dir='ltr'><strong>vastae</strong></span> <span class='ocrx_word' id='word_1_481' title='bbox 1225 2666 1341 2700; x_wconf 70' lang='lat' dir='ltr'><strong>naher</strong></span> <span class='ocrx_word' id='word_1_482' title='bbox 1357 2665 1557 2700; x_wconf 80' lang='lat' dir='ltr'><strong>bestimmt.</strong></span> <span class='ocrx_word' id='word_1_483' title='bbox 1586 2667 1706 2698; x_wconf 69' lang='lat' dir='ltr'><strong>vastae</strong></span> 
     </span>
     <span class='ocr_line' id='line_1_79' title="bbox 962 2710 1703 2755; baseline -0.004 -8"><span class='ocrx_word' id='word_1_484' title='bbox 962 2714 1028 2747; x_wconf 85' lang='lat' dir='ltr'><strong>hat</strong></span> <span class='ocrx_word' id='word_1_485' title='bbox 1059 2712 1130 2747; x_wconf 89' lang='lat' dir='ltr'><strong>den</strong></span> <span class='ocrx_word' id='word_1_486' title='bbox 1158 2713 1248 2747; x_wconf 87' lang='lat' dir='ltr'><strong>Sinn</strong></span> <span class='ocrx_word' id='word_1_487' title='bbox 1282 2713 1381 2747; x_wconf 81' lang='lat' dir='ltr'><strong>eines</strong></span> <span class='ocrx_word' id='word_1_488' title='bbox 1408 2711 1578 2755; x_wconf 83' lang='lat' dir='ltr'><strong>passiven</strong></span> <span class='ocrx_word' id='word_1_489' title='bbox 1606 2710 1703 2745; x_wconf 88' lang='lat' dir='ltr'><strong>Part.</strong></span> 
     </span>
     <span class='ocr_line' id='line_1_80' title="bbox 964 2759 1706 2803; baseline -0.004 -9"><span class='ocrx_word' id='word_1_490' title='bbox 964 2760 1058 2794; x_wconf 90' lang='lat' dir='ltr'><strong>Perf.</strong></span> <span class='ocrx_word' id='word_1_491' title='bbox 1078 2760 1154 2803; x_wconf 86' lang='lat' dir='ltr'><strong>vgl.</strong></span> <span class='ocrx_word' id='word_1_492' title='bbox 1174 2759 1233 2802; x_wconf 82' lang='lat'><strong>24,</strong></span> <span class='ocrx_word' id='word_1_493' title='bbox 1255 2764 1286 2802; x_wconf 86' lang='lat'><strong>3,</strong></span> <span class='ocrx_word' id='word_1_494' title='bbox 1309 2764 1349 2793; x_wconf 91' lang='lat'><strong>11</strong></span> <span class='ocrx_word' id='word_1_495' title='bbox 1372 2762 1511 2793; x_wconf 74' lang='lat' dir='ltr'><strong>vastam</strong></span> <span class='ocrx_word' id='word_1_496' title='bbox 1531 2769 1574 2792; x_wconf 91' lang='lat' dir='ltr'><strong>ac</strong></span> <span class='ocrx_word' id='word_1_497' title='bbox 1593 2759 1706 2792; x_wconf 82' lang='lat' dir='ltr'><strong>deser-</strong></span> 
     </span>
     <span class='ocr_line' id='line_1_81' title="bbox 963 2807 1706 2849; baseline -0.003 -9"><span class='ocrx_word' id='word_1_498' title='bbox 963 2810 1036 2841; x_wconf 79' lang='lat' dir='ltr'><strong>tam</strong></span> <span class='ocrx_word' id='word_1_499' title='bbox 1068 2807 1167 2841; x_wconf 77' lang='lat' dir='ltr'><strong>bellis</strong></span> <span class='ocrx_word' id='word_1_500' title='bbox 1193 2807 1323 2841; x_wconf 76' lang='lat' dir='ltr'><strong>urbem.</strong></span> <span class='ocrx_word' id='word_1_501' title='bbox 1363 2807 1403 2849; x_wconf 82' lang='lat'><strong>5,</strong></span> <span class='ocrx_word' id='word_1_502' title='bbox 1431 2809 1494 2848; x_wconf 82' lang='lat'><strong>53,</strong></span> <span class='ocrx_word' id='word_1_503' title='bbox 1523 2810 1540 2838; x_wconf 91' lang='lat'><strong>1</strong></span> <span class='ocrx_word' id='word_1_504' title='bbox 1567 2808 1706 2839; x_wconf 72' lang='lat' dir='ltr'><strong>vastam</strong></span> 
     </span>
     <span class='ocr_line' id='line_1_82' title="bbox 965 2851 1706 2897; baseline -0.003 -10"><span class='ocrx_word' id='word_1_505' title='bbox 965 2855 1142 2889; x_wconf 69' lang='lat' dir='ltr'><strong>incendiis</strong></span> <span class='ocrx_word' id='word_1_506' title='bbox 1155 2874 1199 2878; x_wconf 89' lang='lat'>—</span> <span class='ocrx_word' id='word_1_507' title='bbox 1214 2854 1345 2888; x_wconf 75' lang='lat' dir='ltr'><strong>urbem.</strong></span> <span class='ocrx_word' id='word_1_508' title='bbox 1367 2851 1426 2895; x_wconf 77' lang='grc'><strong>28,</strong></span> <span class='ocrx_word' id='word_1_509' title='bbox 1445 2857 1498 2895; x_wconf 89' lang='grc'><strong>11,</strong></span> <span class='ocrx_word' id='word_1_510' title='bbox 1516 2856 1558 2887; x_wconf 92' lang='grc'><strong>10</strong></span> <span class='ocrx_word' id='word_1_511' title='bbox 1579 2863 1706 2897; x_wconf 66' lang='lat' dir='ltr'><strong>agrum</strong></span> 
     </span>
     <span class='ocr_line' id='line_1_83' title="bbox 966 2900 1532 2936; baseline -0.002 -1"><span class='ocrx_word' id='word_1_512' title='bbox 966 2905 1102 2936; x_wconf 72' lang='lat' dir='ltr'><strong>castum</strong></span> <span class='ocrx_word' id='word_1_513' title='bbox 1129 2913 1171 2936; x_wconf 86' lang='lat' dir='ltr'><strong>ac</strong></span> <span class='ocrx_word' id='word_1_514' title='bbox 1196 2901 1367 2936; x_wconf 73' lang='lat' dir='ltr'><strong>desertam</strong></span> <span class='ocrx_word' id='word_1_515' title='bbox 1395 2900 1532 2934; x_wconf 76' lang='lat' dir='ltr'><strong>habere.</strong></span> 
     </span>
    </p>
   </div>
   <div class='ocr_carea' id='block_1_8' title="bbox 1417 1817 1705 1863">
    <p class='ocr_par' dir='ltr' id='par_1_14' title="bbox 1417 1817 1705 1863">
     <span class='ocr_line' id='line_1_84' title="bbox 1417 1817 1705 1863; baseline 0 -11"><span class='ocrx_word' id='word_1_516' title='bbox 1417 1829 1480 1861; x_wconf 84' lang='lat' dir='ltr'><strong>„er</strong></span> <span class='ocrx_word' id='word_1_517' title='bbox 1515 1818 1587 1863; x_wconf 85' lang='lat' dir='ltr'><strong>gab</strong></span> <span class='ocrx_word' id='word_1_518' title='bbox 1627 1817 1705 1853; x_wconf 81' lang='lat' dir='ltr'><strong>sein</strong></span> 
     </span>
    </p>
   </div>
  </div>
 </body>
</html>
