1953 3278
250 153 307 195 92

707 151 849 186 LIBER
875 150 1038 185 XXVIII.
1090 149 1190 184 CAP.
1217 154 1273 185 41.
1299 155 1355 185 42.

1640 167 1666 184 a.
1688 166 1718 184 u.
1741 160 1806 186 549.

182 273 223 304 12
251 262 458 304 exercitus
492 261 603 302 alere
636 258 848 300 aerarium
879 271 967 298 non
998 259 1161 310 potest,
1192 260 1489 312 praeterquam
1521 257 1652 312 quod,
1690 256 1805 299 unde

252 322 408 363 classes
428 323 637 369 tueamur,
663 316 774 357 unde
796 315 1105 357 commeatibus
1126 315 1378 370 praebendis
1399 317 1672 370 sufficiamus,
1694 315 1806 357 nihil

252 379 406 433 reliqui
443 380 526 429 est,
570 375 700 430 quid?
767 374 942 429 periculi
979 373 1151 415 tandem
1195 377 1402 428 quantum
1441 375 1635 429 adeatur,
1679 388 1806 429 quem

251 437 390 479 fallit?
439 435 483 478 P.
510 434 699 476 Licinius
730 434 775 475 in
806 433 944 487 Italia,
975 432 1020 474 P.
1047 431 1188 487 Scipio
1222 433 1380 474 bellum
1412 433 1456 474 in
1487 433 1635 475 Africa
1667 436 1806 489 geret:

185 510 225 539 13
254 495 382 551 quid?
434 494 470 536 si
512 518 559 523 —
603 492 715 548 quod
753 506 900 535 omnes
939 491 1006 533 dei
1045 506 1170 533 omen
1203 494 1397 533 avertant
1429 495 1472 533 et
1503 492 1641 534 dicere
1673 492 1805 534 etiam

252 553 501 595 reformidat
532 553 718 606 animus,
751 551 842 605 sed,
880 565 987 606 quae
1020 550 1280 604 acciderunt,
1319 549 1506 591 accidere
1537 553 1718 605 possunt
1752 575 1800 580 —

251 613 388 654 victor
413 611 631 653 Hannibal
659 612 720 653 ire
748 611 800 652 ad
826 610 974 651 urbem
1005 613 1167 664 perget,
1198 612 1290 651 tum
1323 609 1491 650 demum
1519 612 1562 650 te
1588 609 1807 651 consulem

187 685 227 715 14
255 686 305 713 ex
337 671 496 725 Africa,
528 671 637 712 sicut
663 669 709 719 Q.
736 669 933 711 Fulvium
961 684 985 710 a
1009 667 1167 723 Capua,
1199 667 1491 710 arcessemus‘?
1531 667 1659 722 quid?
1697 667 1811 723 quod

253 731 298 772 in
330 730 479 771 Africa
511 744 676 784 quoque
703 728 820 770 Mars
854 729 1091 770 communis
1124 728 1225 769 belli
1258 727 1367 768 erit‘?
1431 726 1581 768 domus
1614 726 1694 768 tibi
1723 729 1812 781 tua,

254 791 376 843 pater
401 791 662 843 patruusque
688 788 802 828 intra
827 787 1009 841 triginta
1035 787 1123 828 dies
1144 801 1239 828 cum
1266 786 1521 828 exercitibus
1549 785 1659 826 caesi
1685 784 1810 826 docu-

186 863 228 892 15
255 851 401 890 mento
434 848 540 900 sint,
572 847 645 887 ubi
677 860 752 901 per
785 846 948 900 aliquot
980 859 1116 887 annos
1142 845 1353 886 maxumis
1384 845 1510 886 rebus
1538 847 1654 885 terra
1684 843 1811 885 mari-

257 922 337 961 que
372 906 567 961 gerendis
601 905 914 959 amplissimum
946 918 1103 945 nomen
1144 905 1255 958 apud
1289 907 1453 945 exteras
1486 906 1634 957 gentes
1666 902 1813 957 populi

188 980 228 1010 16
256 965 444 1007 Romani
470 967 721 1018 vestraeque
746 963 934 1004 familiae
962 962 1160 1004 fecerant.
1211 963 1299 1004 dies
1326 977 1391 1004 me
1419 962 1597 1015 deficiat,
1630 962 1665 1003 si
1691 975 1814 1016 reges

258 1025 623 1079 imperatoresque
661 1026 821 1064 temere
859 1022 905 1063 in
943 1021 1135 1063 hostium
1179 1024 1340 1062 terram
1383 1024 1675 1076 transgressos
1719 1034 1815 1062 cum

257 1083 457 1125 maximis
490 1082 684 1124 cladibus
712 1081 799 1122 suis
827 1081 1170 1135 exercituumque
1197 1094 1371 1122 suorum
1397 1093 1645 1121 enumerare
1672 1079 1814 1120 velim.

190 1158 229 1188 ιγ
258 1143 557 1196 Athenienses,
589 1140 922 1195 prudentissima
955 1139 1120 1192 civitas,
1155 1139 1269 1180 bello
1303 1138 1416 1180 domi
1447 1138 1607 1191 relicto,
1643 1139 1815 1179 auctore

259 1216 388 1256 aeque
421 1201 590 1255 inpigro
624 1214 672 1241 ac
705 1199 840 1241 nobili
872 1199 1024 1240 iuvene
1063 1212 1220 1253 magna
1260 1198 1394 1239 classe
1432 1198 1476 1238 in
1510 1195 1697 1238 Siciliam
1729 1198 1815 1237 tra-

258 1261 401 1314 missa,
433 1274 518 1301 una
549 1272 693 1314 pugna
724 1258 868 1299 navali
899 1258 1122 1299 florentem
1151 1271 1240 1298 rem
1266 1257 1482 1312 publicam
1510 1270 1629 1297 suam
1655 1255 1699 1296 in
1725 1269 1816 1309 per-

258 1322 435 1374 petuum
469 1317 761 1360 adflixeruntf‘

375 1377 592 1432 „Externa
630 1379 672 1418 et
709 1376 839 1417 nimis
878 1376 1056 1430 antiqua
1093 1378 1259 1429 repeto,
1298 1374 1446 1416 Africa
1483 1373 1629 1414 eadem
1661 1373 1745 1414 ista
1777 1373 1820 1414 et

259 1437 315 1479 M.
352 1437 521 1490 Atilius,
552 1436 721 1491 insigne
755 1436 978 1489 utriusque
1010 1434 1209 1476 fortunae
1244 1433 1502 1488 exemplum,
1534 1432 1659 1474 nobis
1693 1432 1818 1473 docu-

921 1586 1005 1620 Der

260 1636 398 1680 Krieg
441 1635 483 1669 in
522 1634 682 1668 Afrika
718 1633 782 1668 ist
819 1644 869 1666 zu
907 1644 1004 1667 ver-

260 1683 439 1717 meiden
467 1684 508 1725 (c.
526 1682 762 1724 41‚11-42).
791 1680 1005 1725 (Negativer

261 1728 419 1776 sseweis)
448 1733 480 1772 1)
502 1740 629 1773 wegen
656 1727 916 1772 Erschopfung
941 1727 1004 1762 des

261 1777 452 1812 Arariums
475 1778 507 1820 (ξ
531 1777 700 1819 11-12);
728 1776 763 1818 2)
785 1785 915 1819 wegen
941 1774 1006 1809 der

262 1836 327 1859 aus
343 1823 574 1868 Entfernung
588 1834 660 1857 von
680 1824 752 1857 den
770 1821 1004 1856 natfirlichen

262 1870 523 1915 Hiilfsquellen
550 1869 834 1905 erwachsenden
854 1868 1003 1903 Gefahr.

262 1919 363 1954 Dazu
389 1918 443 1953 als
469 1917 653 1962 Beispiele
679 1916 737 1951 fiir
764 1916 823 1951 die
850 1916 1002 1951 Gefahr-

263 1965 420 2001 lichkeit
475 1964 748 1999 iiberseeischer
798 1963 1003 1998 Unterneh-

261 2024 422 2057 mungen
444 2023 476 2046 a.
493 2011 635 2056 Scipios
645 2012 759 2045 Vater
770 2011 843 2045 und
856 2010 1004 2052 Oheim3

261 2061 295 2096 b.
317 2060 456 2101 Athen3
479 2070 508 2093 c.
523 2059 687 2103 Regulus
702 2059 734 2102 (ἓ
751 2062 873 2093 13—0.
887 2062 942 2100 42,
961 2060 1005 2100 1).

313 2111 366 2141 11.
394 2110 651 2151 praeterquam
683 2105 794 2150 quod]
828 2105 892 2140 der
924 2105 1005 2139 rhe-

263 2153 402 2189 torisch
440 2153 603 2197 weniger
646 2151 842 2198 wirksame
881 2151 1007 2186 Grund

266 2212 337 2236 von
363 2201 428 2235 der
446 2199 708 2245 Etschopfung
733 2199 796 2234 <les
817 2200 1007 2234 Arariums

263 2248 356 2283 wird
386 2248 425 2282 in
456 2247 564 2282 Form
603 2246 668 2281 der
701 2247 914 2291 praeteritio
946 2258 1007 2281 an-

265 2295 424 2340 geft'ihrt.

313 2343 490 2377 exercitus
515 2341 623 2387 alere]
653 2340 897 2385 eigentlicher
917 2342 1008 2375 Aus-

266 2389 382 2424 druek
402 2400 474 2424 von
494 2388 558 2423 der
579 2388 831 2433 Verpflegung
850 2387 925 2422 und
946 2388 1009 2422 Er-

267 2437 425 2481 haltung
451 2436 515 2470 der
534 2435 723 2480 Truppen3
754 2435 827 2480 vgl.
844 2435 903 2477 21,
918 2438 974 2478 52,
989 2440 1008 2469 5

264 2484 405 2528 praeda
435 2484 591 2517 militum
628 2483 746 2517 aleret.
798 2482 863 2521 22,
895 2486 957 2526 32,
989 2486 1009 2516 3

267 2532 453 2566 excercitus.
480 2529 539 2572 23,
551 2533 607 2572 48,
622 2534 650 2563 7.
666 2541 695 2563 c.
709 2533 764 2570 49,
777 2534 808 2564 4.
824 2529 885 2571 ⁶36,
898 2533 953 2573 30,
970 2534 1010 2563 10

269 2579 362 2613 alere
387 2588 459 2613 sese
483 2588 526 2612 ac
549 2588 642 2612 suos,
680 2587 709 2610 c.
732 2581 789 2618 43,
812 2581 831 2610 5
859 2588 1009 2611 mercen-

267 2627 393 2660 narios
417 2626 603 2660 exercitus.

319 2688 371 2719 13.
393 2685 488 2729 quod
502 2693 620 2717 omnes
640 2682 698 2716 dei
711 2692 811 2717 omen
831 2683 1011 2728 avertant]

271 2742 374 2774 „was
407 2731 462 2766 als
495 2729 722 2765 Vorzeichen
755 2750 797 2754 —
832 2730 1011 2764 verhiiten

270 2778 438 2814 wollen.“
483 2777 556 2813 Der
574 2776 745 2811 Fromme
767 2777 898 2812 scheut
923 2777 1012 2819 sich,

269 2825 533 2870 ungh'ickliche
541 2823 750 2869 Ereignisse
761 2836 805 2858 zu
813 2824 1012 2860 erw'ahnen

270 2873 345 2906 und
377 2872 496 2907 damit
526 2870 847 2918 gewissermassen
878 2872 1012 2907 vorher

271 2919 502 2964 anzuzeigen.

307 1589 344 1623 C.
379 1587 569 1622 Zweiter
605 1585 862 1631 Hauptteil.

1126 1586 1241 1620 dicere
1263 1606 1304 1610 —-
1326 1584 1537 1627 reformidat
1557 1583 1719 1629 animus]
1744 1582 1819 1627 vgl.

1077 1632 1118 1674 9,
1145 1636 1208 1674 34,
1238 1636 1278 1666 19
1312 1632 1407 1676 quod
1438 1632 1596 1666 ominari
1629 1631 1737 1665 etiam
1769 1641 1820 1665 re-

1077 1680 1252 1722 formidat
1290 1680 1443 1713 animus.
1495 1677 1537 1721 3,
1575 1682 1635 1721 61,
1669 1681 1689 1712 5
1727 1678 1822 1712 nolle

1077 1727 1246 1762 ominari.
1288 1726 1325 1769 7,
1347 1729 1409 1769 30,
1431 1729 1475 1760 23
1502 1725 1661 1760 ominari
1685 1725 1820 1760 horreo.

1125 1797 1215 1830 quae
1235 1786 1458 1826 acciderunt,
1475 1785 1635 1819 accidere
1648 1783 1820 1829 possunt]

1077 1833 1232 1868 deutsch
1264 1833 1334 1866 mit
1364 1832 1536 1875 „schon“
1570 1830 1644 1866 und
1678 1830 1820 1874 „noch“

1077 1880 1166 1915 oder
1193 1879 1388 1924 „wieder“.

1126 1942 1179 1973 14.
1214 1939 1324 1974 Mars
1357 1938 1554 1973 communis
1592 1937 1691 1983 belli]
1731 1937 1820 1981 „das

1077 1986 1325 2032 Kriegsgh'iok
1357 1985 1598 2030 gemeinsam‚
1632 1985 1669 2020 d.
1695 1984 1730 2021 h.
1763 1984 1822 2018 fiir

1078 2034 1211 2068 keinen
1233 2034 1593 2077 voreingenommen,
1615 2031 1821 2067 unsicher.“

1077 2081 1150 2126 vgl.
1180 2092 1207 2116 c.
1233 2084 1288 2125 19,
1317 2084 1370 2115 11.

1130 2143 1182 2175 17.
1227 2140 1267 2173 in
1304 2142 1520 2183 perpetuum
1568 2136 1818 2181 adflixerunt]

1080 2188 1216 2232 adtlz'qo
1252 2186 1303 2221 im
1335 2185 1457 2239 Aktiv·
1478 2185 1553 2219 und
1584 2184 1653 2219 mit
1687 2183 1827 2237 Objelfss

1080 2234 1222 2324 {5511qu
1247 2232 1826 2324 63912>›deliozuclzdsllfdzlgseffgfllggs

1081 2329 1251 2370 hostium3
1291 2327 1457 2371 haufiger
1494 2326 1546 2360 im
1577 2325 1723 2368 Passiv,
1762 2325 1825 2360 be-

1083 2375 1232 2410 sonders
1270 2375 1438 2418 adflictae
1475 2384 1529 2408 res
1568 2389 1611 2402 =
1649 2372 1824 2417 Nothge,

1083 2421 1433 2466 niedergedrfickter
1444 2420 1616 2456 Zustand.
1644 2419 1725 2455 Von
1740 2419 1825 2454 dem

1083 2468 1448 2513 unfreiwilligen
1500 2467 1711 2511 Sch'adigen
1760 2465 1825 2500 der

1084 2517 1275 2560 eigenen
1307 2515 1452 2557 Krfflte,
1485 2514 1554 2550 wie
1588 2514 1683 2557 hier,
1721 2514 1825 2548 sonet

1083 2563 1186 2598 nicht
1210 2563 1463 2608 angewendet.

1134 2644 1168 2669 c.
1191 2633 1252 2677 42,
1276 2638 1305 2668 1.
1335 2633 1476 2677 insiyne
1496 2651 1539 2657 ——
1558 2631 1756 2674 exemplum
1781 2650 1825 2654 —

1086 2680 1311 2726 documento]
1345 2681 1592 2715 documentum
1624 2676 1736 2711 heisst
1761 2676 1827 2712 das

1086 2728 1306 2763 historische
1323 2727 1494 2772 Beispiel,
1513 2725 1676 2760 insofern
1691 2734 1728 2758 es
1743 2723 1826 2759 eine

1085 2775 1227 2810 Lehre
1253 2774 1412 2815 euthalt3
1439 2773 1512 2818 vgl.
1527 2771 1564 2815 3,
1586 2775 1641 2815 50,
1662 2774 1683 2805 8
1704 2771 1827 2806 aliena

1085 2824 1291 2858 calamitate
1315 2822 1564 2856 documentum
1589 2819 1725 2853 datum.
1764 2817 1827 2862 28,

1085 2874 1141 2914 21,
1169 2874 1189 2904 9
1215 2870 1356 2914 insz'yne
1383 2867 1627 2911 spectaculum
1652 2865 1828 2901 exercitui

1079 2917 1279 2963 praebuere
1304 2916 1630 2958 documentumque.
