1953 3278
120 163 151 181 a.
172 155 224 181 Ch.
248 156 309 180 206.

617 142 756 178 LIBER
780 142 944 179 XXVIII.
990 141 1090 177 CAP.
1116 147 1172 177 35.
1616 141 1667 182 77

124 254 348 307 locumque
379 250 609 305 conloquio
643 251 926 293 statuendum.
988 250 1094 292 duos
1127 265 1202 304 pro
1242 249 1462 291 obsidibus
1495 250 1669 291 retineri

121 312 176 353 ab
217 309 412 364 Scipione
452 309 587 363 iubet3
631 310 810 352 remisso
849 310 993 362 tertio,
1031 309 1121 364 qui,
1159 323 1241 363 quo
1280 309 1419 350 iussus
1457 311 1564 361 erat,
1603 308 1671 349 ad-

121 370 295 411 duceret
338 367 641 422 Masinissam,
690 383 785 410 cum
837 369 984 423 paucis
1034 368 1078 408 in
1128 367 1402 422 conloquium
1453 369 1671 408 venerunt.

120 430 294 482 ceperat
323 427 408 468 iam
438 430 534 468 ante
562 426 792 468 Numidam
819 441 868 467 ex
895 426 1009 467 fama
1035 439 1173 466 rerum
1201 429 1418 480 gestarum
1445 426 1669 467 admiratio
1697 439 1717 470 5

120 487 221 540 viri,
261 485 619 540 substitueratque
661 486 803 526 animo
842 485 1024 538 speciem
1063 498 1229 538 quoque
1261 485 1452 537 corporis
1485 485 1672 539 amplam

121 559 172 587 ac
204 544 496 599 magnificam3
534 548 720 585 ceterum
753 543 889 584 maior
919 542 1158 596 praesentis
1192 543 1407 584 veneratio
1440 544 1572 597 cepit3
1617 546 1671 597 et,
1698 558 1718 589 6

121 606 421 658 praeterquam
453 603 563 657 quod
600 604 749 655 suapte
782 604 936 642 natura
968 601 1102 642 multa
1136 601 1337 642 maiestas
1370 602 1519 654 inerat,
1552 601 1672 643 ador-

121 663 257 704 nabat
286 662 497 717 promissa
529 661 735 702 caesaries
761 659 1018 714 habitusque
1045 659 1246 712 corporis,
1277 674 1365 701 non
1391 660 1529 701 cultus
1555 675 1672 702 mun-

120 721 257 775 ditiis,
301 721 373 762 sed
419 720 551 761 virilis
589 733 686 760 vere
724 733 772 760 ac
810 718 1028 771 militaris,
1073 721 1115 759 et
1161 721 1279 759 aetas
1325 721 1415 759 erat
1452 719 1496 759 in
1535 719 1672 760 medio

124 780 280 821 virium
311 779 476 831 robore,
507 777 619 832 quod
651 777 819 831 plenius
850 777 1110 831 nitidiusque
1143 790 1192 817 ex
1226 777 1375 818 morbo
1408 778 1523 818 velut
1554 792 1672 819 reno·
1702 791 1719 821 7

124 840 248 879 vatus
286 837 364 879 flos
402 837 597 877 iuventae
636 836 832 878 faciebat.

893 850 1024 890 prope
1063 836 1271 877 attonitus
1309 836 1402 889 ipso
1442 850 1673 890 congressu
1699 850 1719 881 8

121 896 310 938 Numida
341 895 503 950 gratias
536 894 584 935 de
623 895 768 936 fratris
805 895 891 936 filio
930 895 1108 936 remisso
1149 894 1250 949 agit.

1312 909 1361 935 ex
1393 909 1442 936 eo
1481 898 1673 950 tempore

123 955 323 996 adfirmat
354 968 447 995 eam
479 967 524 994 se
555 954 771 1008 quaesisse
804 954 1087 1007 occasionem,
1121 968 1247 1008 quam
1278 953 1450 994 tandem
1483 954 1672 995 oblatam

119 1014 247 1054 deum
278 1012 583 1054 immortalium
623 1012 827 1054 beneficio
865 1027 952 1054 non
984 1013 1192 1054 omiserit:
1231 1026 1382 1066 cupere
1421 1027 1464 1054 se
1501 1012 1565 1053 illi
1602 1027 1675 1066 po-
1700 1028 1720 1059 9

121 1072 306 1128 puloque
337 1070 532 1112 Romano
566 1086 738 1125 operam
775 1086 933 1113 navare
971 1072 1049 1124 ita,
1087 1073 1135 1112 ut
1167 1085 1292 1112 nemo
1332 1085 1440 1112 unus
1473 1074 1672 1112 externus

120 1163 189 1207 35,
222 1167 283 1205 35,
319 1166 338 1196 9
374 1165 496 1208 copias
527 1174 601 1198 non
631 1164 760 1198 sineret
797 1164 862 1198 sub

120 1211 222 1245 tectis
247 1220 457 1245 marcescere
486 1211 578 1252 otio;
609 1210 716 1245 beide
741 1210 864 1245 Verba

123 1257 205 1291 sind
237 1268 304 1291 vor
335 1257 413 1292 Liv.
447 1269 514 1292 nur
545 1257 782 1299 dichterisch3
819 1274 862 1286 =

124 1304 345 1347 verwelken,
372 1305 506 1340 ebenso
531 1306 723 1340 marcidus.

171 1355 203 1386 4.
235 1352 383 1386 retineri
417 1372 462 1376 —
493 1352 604 1397 iubet]
643 1368 686 1381 =
717 1352 864 1387 ersucht

123 1398 212 1434 oder
243 1397 370 1441 bittet3
405 1399 475 1444 vgl.
511 1410 539 1433 c.
574 1402 611 1441 9,
645 1403 665 1433 5
697 1399 864 1444 colleyam

122 1446 285 1490 opperiri
308 1446 441 1480 iussus.

172 1496 204 1527 5.
232 1492 533 1537 substitueratque
559 1494 680 1527 animo
698 1493 861 1538 speciem]

124 1550 190 1583 „er
210 1539 314 1573 hatte
335 1540 384 1573 im
400 1539 542 1574 Herzen
562 1551 608 1574 an
628 1540 728 1575 scine
750 1540 864 1575 Stelle

123 1585 185 1621 ein
203 1586 287 1620 Bild
308 1588 449 1630 gesetzt
468 1598 539 1621 von
559 1590 627 1612 —“
649 1587 864 1632 (gleichsam

125 1633 180 1668 als
211 1632 399 1668 Vertreter
436 1634 500 1668 des
538 1634 754 1669 wirklichen
790 1634 865 1669 Sci-

122 1679 220 1725 pio),
259 1680 362 1714 hatte
403 1681 481 1715 sich
517 1681 577 1716 ein
608 1681 746 1716 ideales
783 1681 866 1716 Bild

124 1737 198 1762 von
222 1726 299 1761 ihm
325 1728 508 1771 gemacht.

173 1777 205 1809 6.
219 1778 347 1818 suapte
354 1775 506 1820 natura]
521 1775 586 1809 das
603 1775 866 1810 verst‘arkende

120 1824 186 1866 pte
211 1823 270 1864 (=
299 1825 381 1865 pote
414 1822 452 1856 in
478 1824 612 1866 utpote)
644 1822 758 1857 findet
789 1822 866 1857 sich

126 1867 189 1902 bei
209 1867 286 1902 Liv.
316 1868 404 1912 (und
429 1869 491 1903 bei
517 1868 605 1913 Cic.)
631 1881 699 1903 nur
724 1880 770 1904 an
796 1870 867 1903 den

124 1913 281 1950 Ablativ
324 1915 388 1950 des
425 1916 630 1951 Pronomen
673 1917 866 1960 possessiv.

124 1972 214 1997 suus
240 1962 453 2007 angeh'angt
477 1963 552 1997 und
577 1974 673 1998 zwar
693 1963 866 1998 meistens

124 2008 165 2043 in
196 2008 262 2043 der
287 2009 528 2055 Verbindung
558 2014 684 2054 suapte
709 2014 865 2052 natura,-

125 2055 317 2091 bisweilen
358 2056 397 2091 in
438 2061 562 2102 suopte
605 2058 748 2102 inyenio
790 2058 865 2092 und

125 2102 264 2138 einmal
289 2108 417 2148 suapte
435 2105 597 2147 fortuna.
650 2105 789 2139 Stellen
814 2104 865 2139 im

173 2197 288 2232 multa
321 2198 504 2243 maiestas]
561 2209 646 2233 man
696 2200 866 2234 erwartet

127 2254 262 2288 magna
286 2245 463 2288 maiestas,
491 2245 563 2289 vgl.
586 2245 646 2288 42,
666 2250 722 2288 49,
740 2250 759 2280 2
786 2257 866 2281 cum

125 2301 260 2335 maqna
283 2292 460 2336 diqnitate
487 2304 531 2327 ac
554 2294 748 2328 maiestate.

169 2339 351 2381 promissa
377 2341 565 2386 caesaries]
602 2340 667 2374 das
694 2340 867 2375 dichteri-

128 2384 215 2418 sche
241 2386 414 2420 caesaries
433 2387 549 2421 findet
573 2387 650 2422 sich
676 2399 745 2421 nur
770 2387 866 2430 hier3

128 2430 228 2466 diese
243 2431 382 2466 Tracht
394 2443 470 2467 war
487 2433 630 2468 damals
643 2435 866 2479 ungewohn-

129 2478 206 2512 lich
233 2478 305 2522 (27,
333 2483 388 2522 34,
416 2484 437 2513 5
471 2481 669 2525 capilloque
695 2485 728 2516 et
752 2482 867 2516 barba

125 2527 318 2569 promissa)
355 2526 430 2560 und
466 2527 590 2561 wurde
627 2528 711 2562 dem
746 2528 867 2573 Scipio

127 2573 397 2616 vorgeworfen3
430 2573 503 2617 vgl.
536 2574 601 2617 29,
635 2578 694 2619 19,
729 2579 769 2609 11
802 2577 867 2610 im-

122 2621 308 2664 peratoris
338 2632 412 2654 non
439 2620 626 2655 Romanus
656 2623 777 2665 modo,
807 2623 868 2657 sed

128 2677 174 2702 ne
198 2667 370 2702 militaris
395 2669 533 2711 quidem
561 2668 688 2703 cultus,

174 2724 249 2748 non
268 2715 384 2749 cultus
406 2715 611 2760 munditiis]
630 2715 701 2759 vgl.
723 2715 782 2757 34,
800 2720 830 2756 7,
847 2720 867 2749 9

129 2761 331 2796 munditiae
356 2766 388 2796 et
410 2766 563 2796 ornatus
581 2766 613 2797 et
632 2763 759 2804 cultus,
784 2763 869 2797 haec

126 2808 349 2850 feminarum
373 2810 537 2854 insignia
562 2813 657 2844 sunt.

177 2859 276 2890 aetas
303 2876 346 2880 —
372 2857 413 2890 in
437 2857 552 2891 med-io
570 2857 703 2891 virium
728 2856 866 2901 robore]

129 2900 299 2946 cigentl.:
343 2903 421 2938 sein
460 2903 696 2939 Lebensalter
734 2903 870 2938 befand

936 1162 1014 1198 sich
1035 1163 1168 1198 mitten
1188 1163 1225 1197 in
1246 1163 1310 1197 der
1328 1163 1433 1199 Fi'ille
1454 1164 1517 1198 der
1537 1163 1674 1206 Krafte‚

937 1210 970 1244 d.
998 1210 1033 1245 h.
1061 1221 1123 1252 „er
1141 1210 1280 1245 befand
1305 1210 1383 1244 sich
1404 1211 1470 1245 auf
1485 1211 1550 1246 der
1568 1210 1675 1246 Hohe

936 1257 1000 1291 der
1033 1257 1325 1299 Manneskrafffl,
1376 1258 1448 1302 vgl.
1488 1257 1547 1301 29,
1589 1262 1618 1299 1,
1657 1263 1673 1292 1

936 1305 1080 1339 iuvenes
1117 1306 1277 1348 florentis
1319 1308 1433 1339 aetate
1469 1309 1501 1340 et
1543 1306 1676 1340 virium

935 1352 1068 1386 robore.
1131 1351 1196 1395 23,
1229 1356 1290 1394 26,
1326 1356 1366 1386 11
1406 1353 1530 1387 robore
1561 1352 1678 1386 animi

935 1400 1156 1443 viriumque;
1195 1398 1254 1441 21,
1287 1403 1343 1442 40,
1377 1403 1408 1434 8.
1459 1399 1517 1442 25,
1551 1403 1607 1443 21,
1644 1403 1674 1434 7.

937 1449 998 1488 33,
1038 1449 1058 1480 6
1097 1458 1129 1480 u.
1171 1457 1202 1481 ο.
1273 1446 1395 1491 Scipio
1440 1458 1516 1481 war
1557 1457 1677 1491 gegen

937 1496 982 1527 30
1007 1492 1119 1527 Jahre
1145 1492 1209 1528 alt.

985 1544 1016 1574 7.
1061 1541 1156 1585 quod
1189 1541 1335 1584 plenius
1371 1542 1595 1585 nitidiusque
1633 1561 1676 1565 —

937 1587 1109 1633 faciebat]
1145 1588 1308 1630 „welche
1335 1587 1470 1632 (Kraft)
1497 1588 1556 1622 die
1581 1588 1677 1622 nach

938 1634 1003 1668 der
1028 1634 1234 1669 Krankheit
1258 1634 1462 1679 gleichsam
1503 1646 1574 1669 neu
1599 1636 1677 1668 ent-

938 1681 1068 1716 faltete
1123 1681 1374 1726 Jugendbh'ite
1430 1682 1548 1717 voller
1602 1682 1678 1716 und

939 1728 1170 1763 strahlender
1191 1729 1403 1764 erscheinen
1424 1729 1541 1764 liess.“
1565 1749 1604 1753 —
1627 1729 1678 1763 Zu

939 1787 982 1810 ex
1001 1776 1121 1811 morbo
1145 1776 1219 1821 vgl.
1241 1788 1269 1810 c.
1292 1781 1347 1820 30,
1369 1781 1388 1811 3
1404 1777 1610 1819 efaucibus.
1633 1796 1676 1801 —-

938 1827 1130 1858 renovatus
1161 1824 1251 1857 wird
1285 1823 1475 1858 bisweilen
1505 1834 1577 1858 von
1615 1823 1678 1857 der

939 1869 1128 1914 Erholung
1160 1871 1224 1904 der
1251 1870 1393 1915 Korper
1423 1874 1571 1916 gesagt3
1603 1870 1676 1914 vgl.

939 1916 998 1959 36,
1016 1922 1070 1960 14,
1094 1921 1136 1951 10
1154 1919 1249 1952 velut
1268 1922 1436 1953 renovato
1451 1938 1494 1942 —
1509 1918 1677 1953 exercitu.

939 1963 997 2007 21,
1025 1968 1081 2007 21,
1107 1968 1127 1998 8
1153 1965 1337 2000 renovavit
1363 1975 1524 2010 corpora.

985 2012 1050 2055 flos
1080 2012 1262 2057 iuventae]
1295 2013 1458 2056 iuventa,
1496 2023 1568 2047 von
1600 2010 1677 2045 Liv.

937 2058 975 2092 in
1013 2058 1127 2093 Prosa
1163 2059 1389 2103 eingeffihrt,
1427 2059 1601 2094 meistens
1634 2075 1677 2087 =

937 2105 1196 2150 Jugendalter3
1213 2106 1284 2150 vgl.
1298 2106 1356 2149 26,
1369 2110 1400 2149 2,
1413 2111 1455 2141 15
1474 2107 1539 2141 ubi
1556 2108 1678 2141 iuven-

937 2157 1012 2186 tam
1042 2154 1166 2197 eyerit3
1201 2153 1389 2188 bisweilen
1413 2153 1677 2198 Jugendkraft;

937 2198 1010 2244 vgl.
1031 2199 1092 2242 40,
1114 2204 1146 2243 6,
1167 2204 1188 2234 4
1208 2201 1323 2235 medio
1352 2202 1518 2235 iuventae
1536 2201 1660 2235 robore
1667 2213 1679 2241 ‚-

937 2247 1104 2281 iuventus
1141 2249 1231 2282 stets
1266 2248 1447 2283 kollektiv
1486 2265 1530 2277 =
1563 2247 1678 2292 junge

939 2293 1184 2330 Mannschaft.

986 2344 1018 2375 8.
1044 2352 1155 2386 prope
1169 2341 1360 2387 attonitus]
1382 2341 1678 2386 ‚‚fiberwaltigt“,

939 2388 1048 2422 meist
1072 2400 1144 2423 von
1171 2389 1235 2423 der
1254 2389 1439 2434 Wirkung
1464 2389 1679 2423 fibernatfir-

938 2434 1054 2469 licher
1073 2434 1391 2481 Erscheinungen3
1412 2436 1485 2481 vgl.
1507 2436 1566 2478 22,
1589 2440 1643 2477 17,
1659 2440 1678 2470 5

937 2483 1114 2517 miraculo
1140 2484 1287 2518 attoniti
1313 2483 1387 2517 und
1413 2484 1447 2526 5,
1469 2487 1524 2525 14,
1551 2487 1570 2517 5
1596 2484 1678 2517 reli-

939 2530 1044 2575 qione
1062 2531 1169 2564 etiam
1182 2531 1338 2566 attoniti.
1366 2530 1507 2565 Stellen
1519 2530 1570 2564 im
1584 2529 1678 2564 Anh.

986 2577 1115 2619 fratris
1163 2578 1240 2620 filio
1287 2577 1447 2622 remisso]
1507 2577 1571 2611 der
1618 2576 1680 2610 bei

940 2623 1102 2658 Baecula
1125 2625 1331 2668 gefangene
1352 2624 1514 2658 Massiva
1536 2624 1595 2665 27,
1626 2626 1679 2665 19,

941 2670 1031 2712 eff.;
1076 2671 1174 2705 doch
1212 2670 1323 2705 heisst
1358 2671 1553 2705 Masinissa
1596 2670 1681 2705 dort

941 2718 1199 2752 avunculus.

988 2767 1019 2797 9.
1041 2774 1185 2807 operam
1200 2764 1352 2809 navare]
1374 2764 1570 2798 besonders
1590 2764 1679 2798 hau-

941 2810 990 2854 fig
1009 2821 1080 2844 von
1100 2811 1316 2855 politischer
1330 2811 1405 2844 und
1419 2811 1680 2845 militarischer

941 2857 1249 2902 Untersti'itzung3
1277 2858 1349 2903 vgl.
1376 2857 1435 2901 44,
1463 2862 1517 2901 34,
1539 2863 1558 2892 ὁ
1585 2859 1678 2893 mili-

941 2907 1051 2939 tarem
1077 2916 1212 2939 izai-are
1237 2915 1390 2949 operam.
