1953 3278
639 143 783 179 LIBER
809 144 973 181 XXVIII.
1017 144 1119 179 CAP.
1146 148 1201 180 23.
1639 145 1693 186 51

146 162 170 179 a.
191 154 242 180 Ch.
262 154 322 180 206.

145 254 263 294 nima
300 252 500 306 pleraque
538 251 743 294 inicerent
783 266 978 306 corpora,
1017 253 1181 307 rivique
1220 253 1440 308 sanguinis
1480 253 1696 295 flammam

144 311 351 354 orientem
372 310 707 365 restinguerent:
742 314 956 365 postremo
976 312 1071 366 ipsi,
1096 311 1222 354 caede
1253 311 1496 354 miseranda
1522 325 1695 354 suorum

142 369 332 424 fatigati,
370 383 465 412 cum
498 371 627 411 armis
666 370 803 411 medio
836 369 1031 411 incendio
1071 384 1114 411 se
1153 371 1398 412 iniecerunt.

140 430 410 482 perpetratae
455 428 637 470 victores
675 428 859 470 Romani
904 434 1251 482 supervenerunt.
1320 444 1368 470 ac
1412 430 1549 483 primo
1594 444 1694 472 con-

140 489 287 541 spectu
318 489 408 528 tam
439 487 589 529 foedae
621 488 682 528 rei
711 486 950 528 mirabundi
977 501 1206 540 parumper
1232 488 1550 541 obstipuerunt3
1583 489 1693 543 dein,

139 559 235 587 cum
273 560 423 587 aurum
462 549 767 601 argentumque
806 545 976 586 cumulo
1015 560 1155 586 rerum
1196 546 1375 587 aliarum
1408 547 1692 602 interfulgens

138 603 341 645 aviditate
381 605 527 659 ingeni
564 604 737 645 humani
776 617 924 656 rapere
962 617 1012 644 ex
1050 604 1140 659 igni
1178 604 1352 658 vellent,
1395 607 1578 659 correpti
1616 607 1690 648 alii

137 663 309 704 flamma
341 667 451 717 sunt,
483 663 556 704 alii
583 662 769 704 ambusti
795 661 954 703 adflatu
979 663 1166 716 vaporis,
1198 677 1292 704 cum
1318 668 1515 717 receptus
1542 665 1689 718 primis

137 726 316 777 urgente
355 723 407 764 ab
447 725 567 775 tergo
606 721 769 775 ingenti
808 721 936 762 turba
973 735 1060 762 non
1100 724 1222 764 esset.

1290 722 1351 763 ita
1391 723 1554 777 Astapa
1599 724 1691 766 sine

135 780 294 834 praeda
324 781 507 822 militum
544 779 656 821 ferro
694 780 871 834 ignique
910 779 1138 834 absumpta
1177 783 1252 822 est.
1314 780 1499 823 Marcius
1539 785 1690 824 ceteris

134 839 224 880 eius
257 839 445 893 regionis
484 841 600 879 metu
631 838 676 879 in
708 838 966 880 deditionem
1005 840 1190 893 acceptis
1223 840 1427 882 victorem
1461 842 1690 883 exercitum

134 895 440 951 Carthaginem
473 896 526 938 ad
559 895 801 951 Scipionem
833 897 1010 938 reduxit.

251 955 331 997 Per
369 970 440 997 eos
478 956 597 1009 ipsos
636 956 723 998 dies
761 956 967 1011 perfugae
1009 972 1033 998 a
1070 956 1257 998 Gadibus
1297 961 1522 1011 venerunt,
1565 959 1686 1012 polli-

133 1017 275 1056 centes
308 1015 457 1056 urbem
487 1014 779 1070 Punicumque
811 1015 1086 1070 praesidium,
1125 1016 1237 1071 quod
1270 1017 1314 1057 in
1347 1031 1397 1058 ea
1427 1017 1530 1058 urbe
1563 1024 1688 1072 esset,

131 1075 173 1114 et
211 1073 516 1128 imperatorem
554 1074 756 1127 praesidii
795 1089 890 1115 cum
930 1075 1067 1116 classe
1105 1076 1351 1129 prodituros
1390 1090 1494 1117 esse.

129 1131 189 1173 ibi
222 1147 272 1174 ex
303 1132 408 1187 fuga
440 1133 694 1174 substiterat
718 1134 986 1188 navibusque
1011 1134 1057 1174 in
1084 1134 1252 1176 Oceano
1279 1135 1467 1177 collectis
1495 1136 1687 1190 aliquan-

129 1194 222 1232 tum
254 1192 513 1233 auxiliorum
546 1195 589 1233 et
619 1195 738 1233 trans
769 1192 927 1233 fretum
960 1207 1008 1233 ex
1038 1193 1185 1234 Africa
1218 1208 1292 1234 ora
1324 1197 1367 1234 et
1398 1208 1446 1234 ex
1479 1195 1685 1249 proximis

129 1248 370 1304 Hispaniae
402 1251 506 1292 locis
543 1265 620 1304 per
650 1251 908 1292 Hannonem
939 1252 1200 1305 praefectum
1233 1256 1442 1307 coegerat.

1504 1254 1586 1295 fide
1618 1268 1684 1296 ac-

130 1312 253 1363 cepta
284 1309 468 1364 dataque
494 1310 682 1365 perfugis
715 1313 757 1351 et
782 1309 967 1351 Marcius
1000 1325 1048 1352 eo
1076 1325 1170 1352 cum
1197 1311 1403 1365 expeditis
1437 1312 1684 1355 cohortibus

130 1370 173 1408 et
203 1367 374 1410 Laelius
408 1382 503 1410 cum
537 1371 700 1423 septem
730 1369 997 1423 triremibus,
1036 1370 1331 1424 quinqueremi
1363 1385 1449 1412 una
1488 1375 1554 1413 est
1584 1372 1683 1413 mis-

130 1440 213 1480 sus,
247 1429 293 1468 ut
323 1430 438 1468 terra
470 1427 661 1482 marique
695 1429 906 1469 communi
940 1428 1118 1470 consilio
1151 1442 1241 1469 rem
1274 1433 1482 1485 gererent.

126 1576 215 1612 oder
238 1577 401 1612 anderen
421 1577 597 1622 obliquen
618 1577 742 1621 Casus,
762 1590 868 1614 wenn

125 1623 191 1658 der
216 1624 356 1669 Begriff
379 1624 536 1670 „eigen“
565 1626 697 1660 betont
721 1627 869 1662 werden

126 1670 213 1713 soll;
239 1671 313 1716 vgl.
337 1683 365 1706 c.
388 1676 421 1716 9,
441 1675 484 1706 18
506 1673 546 1706 in
566 1674 745 1708 consulem
763 1684 868 1709 suum

123 1718 271 1753 iactata.
308 1718 341 1761 1,
364 1723 395 1762 7,
419 1723 436 1753 1
458 1723 648 1764 utrumque
666 1731 780 1766 reqem
800 1732 868 1756 sua

123 1765 316 1801 multitudo
342 1767 642 1802 consalutaverat.

169 1825 285 1859 medio
310 1825 477 1860 incendio
509 1836 544 1860 se
569 1826 784 1871 iniecerunt]
813 1827 868 1861 iri·

124 1871 215 1906 icere
239 1871 319 1906 hier
345 1872 420 1906 und
445 1883 474 1907 c.
502 1876 564 1916 20,
592 1877 622 1908 7.
667 1873 728 1915 27,
754 1877 815 1916 32,
843 1878 863 1909 6

123 1917 199 1952 und
224 1919 331 1953 sonst
356 1919 410 1954 oft
435 1920 505 1954 mit
530 1920 613 1954 dem
639 1920 767 1963 Dativ,
802 1920 863 1955 da-

122 1975 243 2009 gegen
273 1967 315 2000 iri
346 1976 553 2001 succensum
585 1978 712 2012 royum
738 1987 781 1992 —
808 1969 863 2002 in-

121 2013 254 2047 icerent
301 2013 543 2048 unmittelbar
588 2014 730 2049 vorher.
791 2015 864 2050 Der

120 2058 308 2094 Indikativ
351 2061 573 2103 iniecerunt,
617 2061 701 2096 weil
744 2062 862 2097 dieses

120 2106 225 2140 nicht
244 2107 348 2141 mehr
373 2119 417 2141 zu
443 2108 507 2142 der
528 2107 774 2154 Schilderung
798 2110 863 2144 der

120 2154 318 2189 trucidatio
343 2154 486 2199 gehort.

168 2215 199 2247 3.
244 2213 318 2247 iam
355 2214 456 2248 caedi
496 2216 739 2261 perpetratae]
779 2227 860 2260 per-

116 2262 261 2303 petrare
297 2260 512 2296 bezeichnet
546 2264 636 2297 stets
667 2263 727 2297 ein
761 2263 860 2298 Voll-

120 2305 276 2350 bringen
306 2306 481 2353 heiliger,
507 2308 719 2355 wichtiger,
745 2321 859 2355 unge-

120 2353 347 2388 wohnlicher
364 2353 501 2399 Dinge3
521 2356 596 2400 vgl.
617 2368 645 2391 c.
662 2361 718 2400 41,
737 2361 756 2392 3
778 2358 861 2393 belli

116 2401 332 2444 perpetrati,
363 2412 432 2435 nur
462 2402 532 2437 mit
561 2403 631 2438 den
658 2404 858 2449 Objekten:

118 2457 274 2489 sacrum,
292 2448 525 2493 sacrificium,
545 2451 695 2494 caedem,
716 2452 857 2495 bellum,

118 2504 174 2528 res
199 2494 362 2536 divinas,
388 2497 635 2539 parricidium
659 2510 692 2533 u.
720 2501 751 2533 a.
779 2510 856 2534 ver-

118 2541 276 2576 bunden.
313 2542 386 2586 vgl.
414 2542 448 2577 d.
475 2542 569 2577 Anh.

159 2601 372 2636 mirabundi
380 2622 422 2626 —
432 2602 698 2649 obstipuerunt]
711 2614 858 2648 „waren

117 2657 184 2682 vor
210 2647 375 2683 Staunen
404 2649 663 2694 regungslos“;
695 2651 768 2695 vgl.
795 2651 855 2694 39,

119 2697 208 2738 50‚2
229 2696 478 2740 obstipuerunt
503 2697 557 2730 ad
581 2699 855 2742 maynitucli—

117 2752 208 2776 nem
227 2744 410 2786 pristinae
434 2744 510 2778 eius
533 2743 713 2786 fortunae.

163 2804 195 2836 4.
234 2802 493 2848 interfulyens]
535 2814 604 2837 nur
646 2814 693 2837 an
737 2802 855 2838 dieser

119 2846 232 2882 Stelle
263 2848 324 2884 bei
347 2848 425 2884 Liv.
451 2849 525 2884 und
557 2849 595 2884 in
623 2850 687 2885 der
712 2861 854 2894 ganzen

116 2893 294 2930 Latinitat
312 2896 590 2939 vorkommend3
616 2897 689 2943 vgl.
712 2898 745 2941 1,
760 2901 815 2940 42,
831 2901 853 2932 4

941 1579 1138 1615 interlucet.
1152 1579 1329 1625 Dagegen
1336 1582 1589 1626 praefulyebat
1597 1583 1682 1619 huie

941 1627 1144 1671 triumphus
1168 1638 1288 1662 reeens
1313 1627 1374 1671 45,
1395 1632 1451 1671 43,
1472 1632 1502 1663 3.

987 1675 1163 1709 aviditate
1206 1676 1329 1719 inqeni
1376 1676 1548 1722 humani]
1595 1678 1679 1713 Abl.

941 1731 1088 1763 causae;
1110 1722 1185 1765 vgl.
1198 1733 1227 1756 c.
1242 1726 1298 1764 24,
1317 1728 1332 1756 1
1349 1723 1463 1758 insita
1476 1724 1681 1760 hominibus

939 1768 1099 1803 libidine.
1134 1768 1192 1812 21,
1215 1772 1271 1812 22,
1294 1773 1311 1804 7
1338 1780 1427 1804 cura
1450 1771 1591 1815 inqenii
1614 1773 1678 1806 hu-

938 1816 1041 1850 mani
1048 1831 1056 1858 ;
1077 1816 1192 1850 durch
1213 1817 1313 1851 diese
1329 1817 1575 1863 Wendungen
1587 1830 1678 1854 wer—

937 1863 1008 1897 den
1022 1862 1082 1897 die
1095 1865 1306 1908 genannten
1322 1863 1609 1908 Eigenschaften
1622 1866 1677 1901 als

937 1910 1041 1944 echt
1065 1909 1348 1945 menschlich
1374 1911 1598 1948 bezeichnet.

983 1958 1139 1992 ambusti
1181 1958 1323 2001 adflatu
1366 1959 1527 2004 vaporis]
1567 1971 1677 2003 „vom

935 2004 1117 2038 Anhauch
1143 2004 1209 2039 der
1236 2004 1326 2039 Glut
1349 2009 1544 2051 versengt“
1571 2008 1676 2042 mehr

936 2050 1181 2086 dichterische
1194 2051 1408 2097 Wendung3
1432 2054 1507 2099 vgl.
1522 2053 1557 2097 6,
1578 2058 1610 2096 2,
1633 2059 1672 2089 11

936 2109 1067 2141 vapore
1103 2100 1210 2133 etiam
1248 2110 1290 2134 ae
1326 2100 1437 2142 fumo.
1488 2100 1554 2144 30,
1582 2106 1620 2144 6,
1655 2106 1674 2137 7

935 2146 1133 2190 adflatique
1157 2147 1340 2189 incendio3
1376 2158 1447 2182 von
1475 2148 1539 2182 der
1564 2148 1674 2184 K'alte

934 2192 998 2235 21,
1026 2196 1088 2236 54,
1115 2196 1135 2227 8
1167 2194 1329 2237 adflabat
1366 2195 1487 2229 acrior
1522 2195 1674 2240 frigoris

932 2241 1002 2281 vis;
1034 2251 1120 2275 vom
1151 2240 1285 2274 Winde
1315 2241 1380 2285 22,
1407 2245 1468 2285 43,
1498 2246 1538 2276 11
1572 2246 1674 2288 terga

932 2290 1074 2322 tantum
1099 2288 1258 2331 adflante
1282 2292 1394 2323 vento.

980 2338 1011 2369 6.
1026 2335 1242 2378 prodituros
1255 2335 1341 2380 esse]
1357 2346 1431 2380 erg.
1451 2346 1497 2377 se,
1513 2337 1672 2372 welches

931 2381 1115 2416 zwischen
1135 2383 1245 2416 classe
1268 2383 1343 2416 und
1368 2393 1438 2418 esse
1456 2383 1572 2418 leicht
1591 2395 1671 2419 aus-

930 2428 1044 2463 fallen
1074 2429 1224 2464 konnte.
1273 2430 1315 2463 In
1347 2430 1410 2464 der
1435 2429 1552 2476 Regel
1584 2430 1671 2466 lasst

930 2474 1009 2510 Liv.
1043 2476 1108 2510 das
1142 2476 1298 2521 Subjekt
1335 2476 1399 2512 des
1433 2479 1519 2512 Ace.
1548 2489 1576 2512 c.
1603 2477 1667 2513 inf.

929 2522 1044 2557 futuri
1081 2535 1149 2557 nur
1186 2523 1282 2558 dann
1321 2535 1404 2566 aus,
1436 2535 1543 2559 wenn
1575 2525 1669 2559 auch

930 2570 995 2604 das
1021 2570 1283 2605 Hfilfsverbum
1308 2581 1378 2606 esse
1403 2571 1580 2615 wegfallt.

978 2621 1008 2651 7.
1047 2629 1090 2652 ea:
1126 2618 1218 2662 fuya
1254 2618 1477 2664 substiterat]
1518 2619 1587 2653 wie
1624 2629 1668 2653 ea:

928 2665 1055 2699 itinere
1080 2665 1246 2709 gebildet
1271 2681 1315 2694 =
1340 2676 1411 2699 von
1444 2665 1507 2699 der
1531 2664 1668 2700 Flucht

927 2721 1010 2752 aus3
1037 2711 1208 2746 deutsch:
1235 2711 1302 2745 auf
1324 2711 1388 2746 der
1413 2711 1565 2754 Flucht;
1592 2712 1665 2756 vgl.

928 2757 960 2800 8,
984 2761 1037 2800 10,
1059 2761 1078 2791 9
1101 2769 1145 2792 ex
1169 2759 1259 2803 fuya
1284 2769 1319 2793 se
1340 2759 1560 2794 Minturnas
1584 2769 1666 2794 con-

926 2804 1096 2839 tulerant.

972 2862 1016 2886 ex
1039 2851 1173 2894 Africa
1197 2852 1277 2897 ora]
1305 2853 1470 2898 vgl.c.3,
1488 2857 1504 2887 1
1532 2857 1664 2888 terram

925 2898 1094 2934 Atticam.

1331 2958 1380 2992 4*

1555 1075 1684 1133 Mago
1714 1089 1731 1096 ”

1460 371 1543 412 iam
1575 370 1694 412 caedi
1721 383 1740 411 3

1714 971 1733 1000 6

1718 1101 1726 1119 6
