1953 3278
102 151 132 169 a.
154 144 207 172 Ch.
228 144 289 170 205.

597 133 740 168 LIBER
766 133 931 168 XXVIII.
974 134 1075 169 CAI’.
1103 137 1158 168 41.
1597 134 1644 173 91

105 241 339 283 Hannibali
383 241 466 282 dux
507 243 573 282 est
609 241 927 295 praeferendus,
972 244 1045 282 aut
1084 241 1185 282 illud
1224 241 1380 282 bellum
1419 240 1535 294 huic,
1580 246 1654 283 aut

105 299 284 342 victoria
322 299 396 341 illa
426 299 563 341 maior
601 300 837 354 clariorque
870 314 997 354 quam
1037 300 1140 341 haec
1182 323 1235 329 —
1275 299 1400 342 modo
1433 300 1653 355 contingat

105 362 154 400 ut
184 361 225 400 te
257 359 430 400 consule
456 358 675 400 vincamus
708 383 761 388 —-
795 359 939 399 futura
970 362 1046 399 est.
1096 358 1149 399 ab
1177 358 1388 413 Drepanis
1417 361 1491 400 aut
1515 358 1652 413 Eryce
1679 369 1699 398 5

104 417 338 458 detraxisse
382 416 669 458 Hamilcarem
714 432 840 471 quam
890 416 1017 457 Italia
1060 417 1270 470 expulisse
1315 416 1481 459 Poenos
1527 421 1653 472 atque

103 475 388 517 Hannibalem
421 476 573 518 malis?
634 490 687 516 ne
718 479 764 516 tu
798 475 987 528 quidem,
1024 475 1104 516 etsi
1143 476 1279 528 magis
1317 479 1484 528 partam
1523 491 1651 530 quam
1680 487 1699 516 6

103 536 317 588 speratam
361 535 542 589 gloriam
584 534 876 588 amplectaris,
919 533 1130 598 Hispania
1173 534 1315 587 potius
1361 549 1488 588 quam
1527 534 1653 576 Italia

102 593 212 634 bello
246 593 425 635 liberata
457 593 665 648 gloriatus
698 592 840 633 fueris.
896 591 1084 633 nondum
1111 592 1147 632 is
1175 594 1241 632 est
1265 591 1495 645 Hannibal,
1527 607 1650 646 quem

101 665 187 693 non
228 653 366 706 magis
410 652 602 693 timuisse
643 650 835 692 videatur
879 664 1007 704 quam
1050 650 1375 704 contempsisse,
1420 652 1491 704 qui
1538 652 1652 692 aliud

101 710 263 752 bellum
295 711 505 752 maluerit.

567 710 668 763 quin
699 709 831 764 igitur
863 709 915 750 ad
948 708 1027 750 hoc
1055 709 1302 763 accingeris,
1334 722 1411 749 nec
1443 723 1518 763 per
1543 710 1649 751 istos
1677 720 1697 751 8

101 770 364 823 circumitus,
395 771 458 822 ut,
490 782 586 809 eum
624 768 667 808 in
699 768 893 809 Africam
924 768 1161 821 traieceris,
1200 770 1444 809 secuturum
1475 771 1517 809 te
1549 769 1651 810 illuc

102 827 390 870 Hannibalem
422 841 584 881 speres,
616 827 759 881 potius
792 841 920 881 quam
952 829 1069 868 recto
1100 801 1200 868 hiiic
1232 827 1397 880 itinere,
1428 827 1501 868 ubi
1535 826 1649 868 Han-

99 886 219 927 nibal
258 889 338 939 est,
383 900 432 928 eo
471 885 629 927 bellum
669 885 853 927 intendis
892 885 984 938 (si)
1030 886 1247 940 egregiam
1290 886 1418 926 istam
1462 886 1651 939 palmam

100 945 201 986 belli
232 944 382 986 Punici
413 945 575 998 patrati
607 944 747 998 petis?
809 944 889 986 hoc
922 947 965 985 et
995 950 1150 985 natura
1182 945 1299 997 prius
1332 946 1412 997 est,
1451 950 1524 986 tua
1555 959 1651 986 cum
1677 958 1696 988 9

98 1002 354 1057 defenderis,
394 1004 534 1045 aliena
572 1004 632 1044 ire
671 1006 982 1058 oppugnatum3
1020 1018 1103 1057 pax
1143 1006 1241 1044 ante
1279 1003 1322 1043 in
1359 1002 1485 1044 Italia
1523 1018 1651 1058 quam

100 1061 260 1104 bellum
291 1063 335 1103 in
362 1063 511 1104 Africa
543 1063 610 1115 sit,
642 1065 685 1103 et
716 1062 841 1104 nobis
870 1063 987 1116 prius
1013 1062 1186 1103 decedat
1210 1062 1352 1116 timor,
1384 1077 1512 1117 quam
1538 1062 1651 1104 ultro

97 1120 196 1162 aliis
227 1121 447 1162 inferatur.
497 1122 533 1162 si
559 1125 782 1175 utrumque
809 1125 882 1162 tuo
916 1120 1043 1162 ductu
1071 1121 1343 1176 auspicioque
1375 1121 1465 1162 fieri
1496 1124 1653 1175 potest,
1681 1134 1722 1164 10

97 1178 339 1221 Hannibale
371 1179 439 1221 hic
470 1180 583 1222 victo
614 1180 704 1221 illie
730 1178 1036 1235 Carthaginem
1068 1194 1287 1235 expugna,
1322 1180 1357 1220 si
1389 1181 1525 1221 altera
1557 1183 1652 1221 utra

98 1238 278 1280 victoria
315 1239 438 1281 novis
477 1239 724 1281 consulibus
767 1239 1043 1293 relinquenda
1088 1242 1170 1292 est,
1214 1239 1333 1292 prior
1378 1252 1473 1280 cum
1518 1239 1653 1280 maior

98 1296 349 1352 clariorque,
380 1300 471 1339 tum
503 1312 631 1339 causa
657 1298 785 1339 etiam
817 1298 1079 1351 insequentis
1106 1298 1244 1339 fuerit.
1293 1312 1394 1338 nam
1420 1312 1534 1339 nunc
1560 1298 1651 1352 qui·
1680 1312 1719 1342 11

93 1354 205 1410 dem,
237 1359 535 1411 praeterquam
569 1356 680 1412 quod
713 1359 755 1398 et
785 1357 830 1397 in
856 1356 982 1397 Italia
1007 1359 1050 1397 et
1082 1356 1127 1397 in
1154 1356 1301 1397 Africa
1326 1356 1432 1398 duos
1463 1356 1651 1398 diversos

97 1529 172 1563 nisi
209 1530 372 1573 creditis,
406 1551 448 1555 -
481 1541 537 1566 eos
570 1551 611 1556 —-
640 1531 727 1575 plus
762 1532 837 1575 spei

95 1580 220 1612 nactos
245 1587 315 1612 esse
340 1578 445 1621 (auch
475 1576 631 1621 Cicero).

144 1638 177 1669 6.
189 1646 234 1670 ne
246 1639 287 1670 ta
300 1636 442 1681 quidem
457 1656 499 1661 —
513 1637 691 1681 yloriatus
704 1637 834 1682 fueris]

95 1681 241 1725 „selbst
259 1683 307 1717 du
321 1683 480 1718 dflrftest
499 1683 584 1718 dich
598 1683 702 1718 nicht
720 1682 836 1718 lieber

96 1729 261 1773 rfihmen,
290 1729 451 1774 Spanien
472 1730 527 1764 als
547 1731 681 1765 Italien
704 1730 836 1765 befreit

95 1788 139 1810 zu
156 1776 317 1819 haben“;
336 1778 451 1820 fueris
465 1794 508 1806 =
522 1779 572 1812 sis
591 1779 664 1821 vgl.
681 1789 709 1812 c.
723 1781 778 1820 40,
793 1782 833 1812 13

92 1824 129 1858 εἰ
153 1824 237 1859 huic
260 1828 392 1869 neyata
416 1826 537 1867 fuerit.

144 1883 208 1916 etsi
228 1893 343 1927 maqzs
363 1894 437 1927 pao
439 1886 512 1917 tam
531 1895 639 1928 quam
657 1893 737 1927 spe)
739 1887 836 1918 atam

93 1929 249 1973 yloriam
268 1930 535 1975 amplectaris],
541 1942 656 1973 ,wenn
672 1930 728 1964 dir
741 1931 836 1965 auch

95 1976 161 2010 der
192 1976 306 2011 schon
337 1978 546 2012 erworbene
579 1976 700 2012 Ruhm
732 1978 837 2012 mehr

94 2033 156 2057 am
181 2022 322 2058 Herzen
348 2024 450 2068 Iiegt,
485 2023 540 2058 als
576 2025 640 2060 der
674 2026 750 2059 erst
780 2036 833 2059 er—

95 2069 234 2105 hoffte‘
244 2085 252 2114 ς
285 2071 319 2104 d.
345 2072 381 2106 h.
400 2052 529 2106 Dsoviel
568 2072 617 2106 du
649 2072 704 2106 dir
741 2073 835 2106 auch

95 2118 162 2152 auf
178 2117 311 2152 deinen
331 2119 445 2153 sehon
463 2119 699 2154 erworbenen
713 2118 834 2153 Ruhm

95 2176 140 2198 zu
176 2166 265 2210 gute
295 2165 400 2200 thust
431 2165 506 2200 und
541 2165 645 2200 nicht
675 2166 835 2210 glaubst‚

99 2210 181 2246 dass
200 2222 240 2246 er
259 2211 374 2247 durch
393 2213 489 2247 noch
511 2225 554 2247 zu
574 2213 835 2248 erwerbenden

93 2257 320 2293 fibertroffen
353 2260 500 2294 werden
531 2259 663 2295 kbnne.
691 2281 734 2285 —
761 2260 833 2295 Das

96 2304 301 2349 Wortspiel
341 2310 455 2350 parta
499 2327 542 2332 —
586 2311 731 2352 sperata
773 2307 834 2351 30,

94 2355 159 2394 30,
199 2355 242 2386 21
287 2353 394 2387 simul
439 2358 551 2397 parta
599 2366 642 2389 ac
689 2358 835 2399 sperata

95 2399 235 2434 decora.
285 2399 350 2442 30,
384 2404 445 2442 30,
480 2404 521 2435 19
555 2405 649 2436 certa
677 2413 758 2446 pax
789 2422 833 2427 —

93 2449 242 2489 sperata
283 2447 455 2490 victoria3
505 2447 578 2492 vgl.
617 2447 744 2483 Cicero
787 2449 835 2484 ad

99 2492 276 2534 Quintum
302 2493 454 2528 fratrem
480 2493 513 2537 Ι,
542 2499 559 2528 1
585 2498 605 2536 ξ
625 2498 668 2529 43
694 2506 769 2530 non
793 2497 836 2530 de

96 2543 244 2583 sperata
274 2541 393 2585 ⁸<floria
420 2561 461 2565 —
487 2542 548 2576 sed
573 2542 615 2576 de
634 2546 748 2586 parta
780 2544 833 2578 di-

93 2597 238 2622 micare.

144 2661 176 2692 8.
210 2658 299 2702 quin
325 2678 368 2682 —
395 2658 610 2704 accinyeris]
648 2669 711 2701 „so
743 2659 835 2703 gehe

95 2703 193 2739 doch
207 2714 254 2738 an
268 2704 334 2739 das
349 2704 429 2739 hier
436 2705 673 2750 vorlietrende
681 2705 836 2749 Werk“,
828 2721 835 2728 ·

96 2752 241 2796 accinyi
260 2752 296 2786 in
316 2751 455 2787 diesem
471 2752 580 2787 Sinne
595 2752 836 2794 dichterisch;

95 2798 413 2843 vgl.1,47,4quin
425 2799 694 2844 αοειᾛηρεηεῗ
673 2799 695 2821 ⁰
699 2803 771 2843 12,
782 2804 834 2834 10.

95 2843 132 2887 4,
152 2848 186 2890 2,
207 2849 225 2880 7
247 2846 295 2881 ad
320 2847 542 2882 consulatum
564 2867 610 2871 —
630 2848 836 2891 accin9i=

97 2872 186 2926 sich
201 2895 326 2928 rfisten
352 2905 415 2928 zur
440 2893 665 2939 Erlangung

956 1541 1020 1564 nec
1045 1551 1088 1555 —
1115 1541 1152 1564 eo
1185 1531 1313 1565 bellam
1344 1531 1519 1576 intendis]
1555 1532 1651 1574 „und

909 1578 1026 1612 richte
1056 1577 1151 1612 doch
1176 1578 1289 1612 dahin
1311 1577 1443 1612 deinen
1466 1578 1650 1620 Angriff“;

908 1624 981 1668 vgl.
1003 1624 1066 1669 21,
1087 1629 1118 1667 6,
1140 1629 1159 1659 6
1185 1626 1226 1659 'in
1250 1625 1476 1669 Hispaniam
1501 1625 1651 1660 Hanni-

909 1673 1088 1716 balemque
1127 1673 1355 1707 intenderant
1393 1673 1532 1707 bellum.
1591 1672 1650 1715 37,

909 1723 973 1761 36,
1007 1723 1026 1753 9
1065 1730 1190 1753 euram
1226 1720 1267 1753 in
1304 1720 1387 1754 belli
1429 1721 1651 1763 adparatum

908 1767 1080 1808 intendit,
1106 1766 1333 1801 namentlich
1352 1766 1554 1807 raumlich‚
1574 1767 1650 1811 vgl.

910 1813 976 1857 29,
1003 1817 1064 1856 30,
1092 1818 1112 1848 6
1137 1824 1206 1857 quo
1232 1815 1395 1857 primum
1419 1814 1651 1849 intenderant

908 1861 986 1896 iter.
1026 1872 1055 1895 c.
1082 1865 1139 1905 33,
1167 1864 1196 1895 7.
1224 1861 1283 1905 27,
1309 1865 1366 1904 46,
1394 1865 1414 1895 9
1440 1862 1507 1895 iter
1532 1862 1648 1896 inten—

909 1908 1012 1942 disse.

952 1956 1111 1998 palmam
1137 1955 1221 1989 belli
1242 1955 1380 1989 Punici
1399 1955 1559 2001 patrati]
1587 1967 1649 1989 zur

909 2001 1164 2036 Allitteration
1184 2002 1256 2046 vgl.
1279 2002 1338 2044 27,
1359 2006 1390 2045 8,
1413 2007 1432 2036 6
1456 2004 1560 2046 prior
1585 2013 1649 2037 nec

902 2049 1095 2093 probatior
1131 2050 1357 2093 primoribus
1396 2053 1558 2094 patrum.
1604 2069 1647 2073 —

907 2096 991 2130 Wie
1016 2100 1227 2140 perpetrare
1262 2098 1305 2140 (c.
1333 2100 1395 2139 23,
1422 2099 1457 2140 3)
1488 2095 1581 2130 wird
1611 2097 1650 2131 in

906 2143 1002 2177 noch
1033 2143 1225 2178 erhehtem
1255 2143 1370 2178 Mafse
1400 2148 1550 2187 patrare
1581 2155 1650 2178 nur

908 2201 979 2224 von
993 2190 1207 2225 feierliehen
1220 2191 1295 2224 und
1314 2191 1649 2235 ungewbhnlichen

909 2237 1154 2281 Handlungen
1179 2240 1328 2282 gesag't,
1355 2248 1394 2272 so
1418 2241 1569 2281 patrare
1593 2239 1648 2280 fa-

908 2285 1028 2327 cinus,
1054 2285 1324 2328 iusiurandum,
1346 2296 1482 2328 pacem.

956 2335 987 2366 9.
1014 2332 1135 2366 aliena
1171 2332 1226 2367 ire
1262 2332 1526 2377 oppuynatum]
1566 2345 1647 2367 zum

907 2378 1088 2423 Supinum
1125 2378 1194 2414 mit
1231 2378 1370 2424 Objekt
1401 2379 1473 2424 vgl.
1509 2383 1569 2423 39,
1603 2384 1645 2414 21

908 2426 1063 2461 Italiam
1087 2429 1295 2470 spectatum.

953 2473 1056 2507 nobis
1083 2474 1191 2517 prius
1221 2474 1367 2508 decedat
1396 2474 1518 2518 timor]
1553 2484 1648 2517 „von

907 2531 974 2553 uns
1000 2519 1138 2554 weiche
1168 2521 1255 2554 eher
1286 2520 1345 2555 die
1370 2520 1398 2554 F
1402 2522 1548 2562 urcht·‘;
1588 2520 1647 2555 bei

906 2567 984 2601 Liv.
1023 2567 1149 2611 haufig
1185 2567 1255 2601 mit
1287 2566 1397 2601 Dativ
1436 2568 1499 2601 des
1531 2567 1646 2601 Inter-

907 2624 1021 2656 esses;
1048 2614 1120 2657 vgl.
1142 2614 1202 2656 23,
1223 2618 1279 2656 26,
1300 2617 1321 2648 8
1345 2615 1490 2648 decessit
1515 2615 1648 2648 animis

908 2661 1030 2702 timor,
1057 2662 1123 2695 das
1143 2661 1339 2704 Gegenteil
1364 2661 1398 2702 4,
1416 2665 1469 2703 18,
1485 2665 1505 2694 3
1532 2662 1648 2695 animi

908 2718 1088 2741 accessere.
1115 2707 1175 2750 24,
1191 2711 1245 2749 27,
1260 2711 1281 2742 8
1301 2709 1445 2742 animus
1470 2709 1648 2743 accederet

909 2754 995 2798 (vgl.
1011 2754 1045 2796 6,
1060 2757 1116 2796 23,
1131 2759 1151 2788 5
1177 2765 1402 2789 accessurum
1428 2775 1470 2779 —
1491 2756 1647 2790 decessu-

908 2811 1029 2835 rumve
1043 2821 1085 2825 ——-
1099 2801 1271 2844 viribus),
1298 2803 1402 2836 sonst
1426 2802 1518 2836 abiit
1542 2803 1649 2837 timor

909 2848 942 2887 2,
963 2851 1018 2889 52,
1042 2852 1071 2883 1.
1100 2851 1229 2882 metum
1251 2869 1291 2872 —
1313 2849 1465 2893 dempsit
1484 2848 1518 2893 3,
1540 2853 1594 2892 59,
1614 2853 1648 2884 4.

908 2895 1047 2939 dempto
1073 2896 1198 2930 timore
1222 2895 1279 2939 24,
1306 2899 1361 2939 27,
1384 2900 1414 2930 7.
