1953 3278
149 160 175 179 a.
198 153 247 178 ch.
269 153 328 178 205.
640 141 782 177 LIBER
809 141 973 178 XXVIII.
1019 141 1118 177 CAP.
1146 145 1200 176 39.
1640 140 1695 181 85

150 249 347 292 hostibus
380 249 540 291 nostris
567 252 722 303 essent,
754 249 903 291 facere.
954 250 1037 291 iam
1065 249 1256 291 omnium
1285 248 1468 302 primum
1494 247 1695 301 oppidum
1723 260 1742 288 ι’»

148 309 271 351 nobis
304 307 593 363 restituerunt,
625 323 701 362 per
733 323 902 350 omnem
931 308 1183 362 Hispaniam
1217 308 1318 348 civis
1345 309 1515 348 nostros
1541 320 1693 347 venum

149 367 290 420 datos,
333 366 536 420 dimissis,
578 368 650 422 qui
688 367 1003 422 conquirerent,
1042 381 1091 408 ex
1131 366 1334 407 servitute
1373 366 1416 406 in
1454 365 1696 406 libertatem

146 425 437 467 restituerunt.
505 440 600 468 cum
638 426 723 467 iam
761 439 893 480 prope
933 427 1062 477 esset,
1105 428 1153 465 ut
1191 424 1424 478 optabilem
1464 438 1513 465 ex
1549 424 1695 465 miser·
1722 433 1737 464 α

149 485 260 525 rima
285 483 501 525 fortunam
528 484 790 537 haberemus,
823 483 868 524 P.
889 486 930 525 et
951 482 1025 524 Cn.
1047 481 1230 525 Cornelii
1257 483 1533 536 imperatores
1566 482 1696 524 vestri

151 542 385 584 luctuosius
426 543 549 584 nobis
587 557 718 597 prope
757 556 884 596 quam
921 542 1042 583 vobis
1080 542 1309 595 perierunt.
1376 544 1466 582 tum
1506 555 1602 582 vero
1645 541 1697 582 ad
1725 552 1742 582 7

146 601 230 644 hoc
262 602 436 643 retracti
464 616 513 642 ex
539 601 794 642 distantibus
821 599 925 642 locis
951 600 996 640 in
1023 599 1164 640 sedem
1191 600 1410 653 antiquam
1438 599 1697 653 videbamur,

146 662 195 701 ut
233 661 386 702 iterum
425 660 659 714 periremus
699 661 741 699 et
778 658 957 700 alterum
996 658 1205 699 excidium
1246 658 1409 712 patriae
1449 657 1697 712 videremus,

147 733 224 760 nec
257 719 311 760 ad
342 718 573 773 perniciem
605 720 797 759 nostram
831 715 1177 772 Carthaginiensi
1211 718 1355 771 utique
1389 719 1461 757 aut
1493 716 1596 758 duce
1624 720 1697 758 aut
1724 729 1743 759 8

148 778 332 820 exercitu
371 791 476 830 opus
510 790 617 828 esse3
660 777 712 818 ab
746 776 943 818 Turdulis
975 790 1073 829 1108,
1104 776 1342 816 veterrimis
1375 775 1588 828 hostibus,
1626 777 1698 830 qui

147 836 304 890 prioris
332 849 499 890 quoque
526 835 676 876 excidii
702 849 829 877 causa
855 834 980 876 nobis
1007 834 1189 889 fuerant,
1216 834 1406 888 extingui
1431 848 1575 888 posse:
1602 849 1697 876 cum
1724 847 1743 876 9

149 909 199 936 ex
231 895 446 948 insperato
480 897 653 948 repente
686 893 862 935 misistis
895 893 1018 935 nobis
1050 893 1164 935 hunc
1195 892 1240 934 P.
1274 892 1532 947 Scipionem,
1574 907 1698 947 quem

145 952 478 995 fortunatissimi
517 953 706 994 omnium
739 952 1074 1008 Saguntinorum
1114 952 1304 993 videmur
1345 952 1443 1006 quia
1482 952 1697 993 consulem

147 1011 410 1053 declaratum
442 1011 634 1052 videmus
668 1026 717 1053 ac
743 1011 900 1053 vidisse
932 1026 1010 1053 nos
1038 1011 1200 1052 civibus
1226 1011 1386 1052 nostris
1413 1011 1699 1052 renuntiaturi

146 1085 310 1124 sumus,
348 1084 465 1124 spem
505 1085 630 1124 opem
669 1070 850 1112 salutem
888 1073 1098 1124 nostram3
1139 1071 1210 1124 qui
1248 1084 1344 1111 cum
1381 1069 1590 1123 plurimas
1622 1069 1698 1111 ho·
1727 1082 1768 1113 10

146 1130 277 1171 stium
309 1132 549 1171 vestrorum
581 1130 763 1183 cepisset
795 1130 842 1170 in
873 1128 1085 1183 Hispania
1117 1129 1256 1182 urbes,
1287 1128 1444 1183 ubique
1477 1143 1527 1170 ex
1557 1132 1698 1182 capto-

101 1230 116 1243 ‘
145 1203 239 1229 rum
272 1202 448 1229 numero
477 1190 666 1229 excretos
694 1187 952 1243 Saguntinos
979 1188 1026 1229 in
1051 1188 1237 1242 patriam
1263 1187 1446 1241 remisit,
1478 1189 1697 1242 postremo
1727 1201 1767 1230 11

148 1246 452 1288 Turdetaniam
485 1247 590 1289 adeo
623 1246 824 1288 infestam
856 1246 992 1300 nobis,
1024 1250 1072 1288 ut
1103 1247 1180 1287 illa
1206 1250 1331 1302 gente
1357 1246 1560 1288 incolumi
1588 1249 1698 1287 stare

959 1397 1079 1432 einem
1095 1407 1160 1430 aus
1176 1397 1384 1431 videbamur
1401 1409 1446 1431 zu
1461 1398 1698 1432 entnehmen-

193 1402 224 1432 5.
264 1398 337 1432 iam
375 1399 533 1432 omnium
571 1398 754 1444 primum]
795 1399 886 1433 statt

960 1444 1031 1478 den
1057 1444 1248 1478 videbatur
1273 1444 1328 1478 ab.

145 1444 210 1479 des
254 1445 593 1480 ciceronianischen
638 1456 680 1480 ue
725 1446 885 1490 primum

144 1492 287 1536 quidem
311 1491 402 1536 geht
427 1492 506 1528 Liv.
533 1491 601 1526 mit
627 1493 701 1526 iam
727 1493 885 1527 onmium
1006 1495 1037 1526 8.
1072 1491 1117 1525 ab
1153 1491 1344 1536 Turdulis]
1379 1494 1482 1526 sonst
1513 1491 1578 1534 21,
1606 1496 1642 1533 6,
1679 1496 1697 1525 1

138 1539 302 1583 primum
327 1549 398 1573 von
431 1539 515 1573 dem
540 1539 797 1583 Allgemeinen
823 1551 886 1574 zur

145 1585 384 1630 spezielleren
395 1584 641 1630 Behandlung
655 1586 717 1621 des
728 1585 885 1621 Thomas

143 1633 251 1674 siben
290 1632 365 1678 vgl.
397 1632 437 1675 5,
471 1637 534 1677 51,
566 1637 586 1668 6
623 1634 695 1668 iam
727 1635 885 1668 omnium

137 1680 300 1724 primum
326 1680 466 1723 (Rede).

191 1738 427 1773 restituerunt
470 1759 514 1764 —
557 1740 792 1774 restituerunt
841 1761 884 1765 —

137 1785 342 1830 perierunt]
372 1785 451 1820 drei
477 1785 584 1821 Satze
610 1786 678 1820 mit
703 1786 886 1831 gleichem

143 1833 332 1877 Ausgang,
353 1833 442 1866 zwei
462 1843 572 1878 sogar
586 1833 655 1868 mit
675 1833 887 1868 demselben

144 1879 321 1921 Verbum,
347 1879 435 1914 aber
460 1879 498 1914 in
518 1880 799 1915 verschiedener
818 1881 885 1916 Be-

143 1926 325 1971 deutung3
364 1927 438 1971 vgl.
466 1938 494 1961 c.
523 1930 561 1970 9,
588 1931 678 1962 2—3
704 1929 886 1963 iusserunt

144 1994 187 1998 —
221 1974 414 2008 iusserunt.
465 1973 534 2017 31,
567 1978 628 2018 37,
658 1979 675 2008 1
709 1975 810 2010 ducit
842 1995 885 1999 —

145 2021 274 2056 educit.
313 2020 374 2064 26,
397 2025 453 2064 44,
477 2025 564 2055 1-2
592 2021 747 2056 dreimal
766 2023 884 2066 ponit.

191 2083 222 2114 6.
244 2090 323 2114 cum
343 2081 417 2114 iam
429 2091 545 2125 prope
564 2080 665 2127 esset]
685 2080 781 2115 nach
802 2081 884 2116 dem

142 2126 340 2171 Vorgange
373 2127 437 2162 des
471 2127 744 2171 plautinischen
770 2139 886 2172 prope

143 2174 260 2217 adest,
292 2177 334 2208 ut
366 2173 573 2219 gebraucht
597 2174 677 2211 Liv.
703 2186 794 2220 gern
826 2175 884 2210 die

142 2220 345 2266 Wendung
364 2232 480 2266 prope
505 2226 571 2264 est,
597 2225 656 2264 ut,
682 2222 792 2257 meist
816 2222 886 2257 mit

143 2268 464 2303 vorantretendem
484 2269 575 2311 iam,
597 2269 669 2314 vgl.
685 2268 744 2314 26,
759 2272 817 2313 48,
831 2273 884 2305 11.

190 2337 234 2361 ex
245 2327 448 2362 miserrima
461 2328 664 2374 fortunam]
679 2339 723 2363 ex
736 2328 886 2363 zeitlich

141 2390 188 2463 f=
221 2373 372 2454 „wgtlceich
403 2375 529 2409 nach“
561 2375 634 2420 vgl.
662 2386 692 2410 c.
720 2379 781 2419 30,
817 2380 837 2410 3
869 2387 886 2410 e

160 2431 244 2456 aum
295 2430 322 2454 s.

192 2471 222 2502 7.
261 2467 425 2512 retracti]
463 2478 690 2513 gezwungen
726 2469 803 2504 und
841 2481 885 2503 zu

143 2514 262 2549 ihrem
302 2513 488 2558 Schaden,
533 2515 581 2549 da
618 2515 684 2550 das
723 2517 883 2551 Zurfick-

141 2561 275 2596 ffihren
297 2560 349 2595 sie
368 2573 437 2596 nur
455 2572 587 2596 neuem
610 2562 783 2607 Ungh'ick
803 2574 884 2598 aus-

143 2610 275 2650 setzte,
316 2608 390 2653 vgl.
425 2607 488 2651 10,
520 2612 584 2652 25,
612 2612 654 2643 13
691 2613 885 2646 retractum

141 2656 290 2701 quidam
317 2675 361 2680 —
387 2656 522 2690 volunt.

192 2717 224 2749 8.
250 2725 314 2749 nee
339 2734 383 2740 —
409 2713 548 2759 utique]
575 2725 693 2759 „ganz
718 2714 790 2748 und
817 2726 884 2759 gar

141 2761 286 2804 nicht“;
325 2761 416 2796 fiber
453 2762 577 2806 utique
612 2761 651 2795 in
684 2760 883 2806 negativen

142 2808 276 2843 Satzen
302 2820 332 2844 c.
359 2812 415 2850 35,
443 2812 460 2843 1
488 2819 568 2843 cum
593 2809 671 2852 ipso
696 2809 819 2853 utique
837 2825 881 2837 =

143 2855 313 2900 Scipione
338 2855 456 2899 (nicht
479 2865 547 2890 vor
571 2853 723 2898 Livius).

192 2912 283 2948 opus
307 2903 392 2949 esse]
419 2902 483 2937 der
505 2902 641 2937 Infinit.
667 2902 785 2948 hangt
810 2913 882 2938 von

959 1550 991 1572 u.
1014 1536 1073 1581 ⁶24,
1088 1541 1144 1580 42,
1165 1542 1203 1571 11
1232 1537 1374 1572 hiessen
1400 1538 1451 1572 sie
1481 1538 1695 1573 Turdetani.

957 1585 1031 1630 vgl.
1059 1588 1077 1627 ξ
1106 1589 1147 1619 11
1178 1585 1452 1620 Turdetania-m.

1005 1635 1036 1667 9.
1057 1632 1219 1667 videmur
1239 1652 1283 1656 —
1303 1633 1462 1667 videmus
1481 1653 1525 1657 —
1546 1632 1695 1678 vidisse]

959 1690 1039 1713 zum
1091 1679 1288 1714 storenden
1331 1679 1578 1724 Gleichklang
1623 1679 1697 1724 vgl.

959 1725 1024 1767 26,
1053 1730 1113 1768 17,
1141 1730 1161 1760 5
1193 1727 1460 1761 caduceatorem
1491 1728 1606 1770 misit,
1637 1728 1700 1772 qui

957 1774 1193 1817 promitteret,
1218 1775 1250 1808 si
1275 1774 1359 1808 inde
1383 1774 1530 1808 emissus
1555 1777 1650 1809 esset.

1006 1831 1102 1864 spem
1146 1831 1243 1865 opem
1287 1820 1458 1866 salutem]
1511 1820 1570 1855 die
1621 1821 1700 1855 drei

961 1867 1202 1902 Substantiva
1245 1868 1437 1902 enthalten
1481 1868 1560 1902 eine
1606 1867 1698 1902 Stei-

957 1926 1101 1959 gerung
1133 1916 1384 1959 (proyressz'o);
1424 1915 1576 1949 deutsch
1608 1915 1698 1950 kon-

958 1961 1042 1996 kret
1069 1963 1179 1996 etwa:
1211 1962 1365 2004 „Retter
1390 1961 1464 1996 und
1485 1960 1697 2004 Erhalter“;

958 2008 1033 2053 vgl.
1063 2009 1094 2052 7,
1115 2013 1171 2051 34,
1192 2014 1213 2043 4
1233 2020 1303 2043 arx
1324 2030 1366 2033 —
1391 2010 1467 2053 spei
1490 2010 1696 2054 salutisque.

958 2055 1000 2099 5,
1025 2059 1088 2097 40,
1117 2060 1135 2090 2
1167 2067 1263 2100 spem
1294 2067 1429 2091 onmem
1464 2060 1569 2101 atque
1599 2067 1699 2100 opem

958 2103 1032 2137 und
1058 2103 1111 2138 oft
1141 2114 1220 2147 spes
1254 2104 1367 2138 unica
1399 2103 1439 2147 3,
1473 2107 1534 2145 26,
1568 2107 1598 2137 8.
1637 2102 1698 2146 21,

960 2154 1020 2193 11,
1049 2154 1102 2185 12.

1007 2200 1060 2232 10.
1087 2197 1232 2242 ubique]
1261 2209 1331 2231 nur
1356 2196 1416 2241 26,
1442 2201 1498 2239 49,
1526 2202 1545 2231 9
1572 2197 1620 2231 ist
1645 2208 1698 2232 er-

958 2243 1068 2287 zahlt,
1095 2243 1174 2279 dass
1196 2244 1251 2278 Sc.
1274 2244 1362 2279 alle
1389 2244 1610 2289 spanischen
1629 2244 1697 2279 Ge-

957 2291 1140 2336 fangenen
1166 2291 1204 2326 in
1231 2291 1310 2326 ihre
1336 2291 1487 2326 Heimat
1512 2292 1698 2326 entlassen

956 2338 1071 2380 habe;
1105 2350 1177 2374 von
1209 2339 1279 2373 den
1313 2338 1560 2383 Saguntinern
1598 2349 1696 2383 spe-

957 2386 1065 2420 ziell
1089 2385 1139 2420 ist
1164 2386 1241 2421 dies
1266 2385 1371 2420 nicht
1394 2385 1569 2420 bekannt.

1004 2437 1164 2468 excretos
1207 2432 1445 2478 Saguntinos]
1489 2433 1555 2467 das
1597 2432 1697 2467 dich-

956 2480 1115 2515 terische
1135 2480 1210 2514 und
1232 2479 1528 2514 uachklassische
1548 2490 1698 2515 excerno

957 2538 1025 2561 nur
1049 2526 1146 2561 noch
1165 2528 1200 2570 9,
1221 2530 1278 2571 46,
1300 2531 1343 2561 14
1363 2538 1498 2562 omnem
1523 2527 1697 2569 forensem

957 2574 1100 2608 turbam
1138 2578 1334 2616 excretam;
1378 2575 1452 2619 rgl.
1482 2574 1546 2616 27,
1580 2577 1641 2615 39,
1675 2579 1694 2609 9

956 2622 1129 2656 discretas
1144 2639 1187 2649 =
1202 2623 1390 2666 getrennt3
1417 2622 1519 2656 sonst
1544 2624 1697 2655 secretus

956 2668 1001 2702 ab
1028 2668 1068 2710 6,
1095 2671 1158 2710 25,
1187 2673 1215 2702 1.
1255 2667 1320 2710 25,
1347 2672 1408 2710 30,
1435 2672 1467 2702 4.
1506 2667 1547 2710 4,
1574 2671 1635 2711 27,
1662 2671 1694 2702 s.

957 2713 991 2757 5,
1018 2718 1074 2758 23,
1101 2719 1121 2749 9
1148 2727 1181 2748 u.
1210 2726 1240 2748 o.

1005 2765 1058 2796 11.
1091 2765 1186 2796 stare
1218 2781 1261 2785 —
1292 2771 1366 2796 non
1395 2761 1530 2806 posset]
1562 2761 1696 2805 „nicht

955 2807 1026 2842 fest
1061 2808 1136 2841 und
1181 2807 1299 2842 sicher
1342 2808 1470 2842 stehen
1512 2808 1690 2852 konnte“;

955 2855 1028 2899 vgl.
1049 2855 1082 2896 5,
1107 2859 1161 2897 11,
1187 2859 1227 2889 11
1254 2859 1349 2890 stare
1373 2856 1515 2890 diutius
1538 2866 1628 2900 resp.
1650 2876 1693 2881 -

954 2912 1028 2937 non
1047 2906 1176 2947 posset.
