1953 3278
113 182 143 202 a.
167 176 219 200 (Ὶι.
242 176 302 200 206.

610 164 750 199 LIBER
777 163 939 198 XXVIII.
985 162 1086 198 CAP.
1114 168 1168 199 34.
1609 163 1662 204 75

118 273 292 315 fratrem
325 272 376 314 ad
410 286 504 313 eum
538 272 687 327 mittit,
720 272 792 326 qui
825 271 1051 313 advolutus
1085 272 1263 327 genibus
1294 271 1468 313 fatalem
1500 271 1660 312 rabiem
1689 282 1708 310 4

120 331 323 385 temporis
355 331 445 372 eius
479 334 659 384 accusat,
692 345 786 373 cum
819 331 935 371 velut
966 331 1220 385 contagione
1253 330 1434 384 quadam
1461 329 1661 384 pestifera

117 405 204 432 non
235 389 440 444 Ilergetes
479 390 604 431 modo
637 392 680 431 et
712 389 933 442 Lacetani,
977 389 1047 429 sed
1086 393 1226 430 castra
1264 404 1428 443 quoque
1468 388 1662 430 Romana

116 448 380 490 insanierint.

443 463 562 490 suam
596 447 763 503 quidem
796 450 837 488 et
866 447 1012 488 fratris
1039 450 1081 487 et
1107 447 1363 500 reliquorum
1392 447 1661 502 popularium
1689 456 1708 486 5

115 521 211 548 eam
237 507 529 549 condicionem
555 521 657 560 esse,
688 508 735 547 ut
761 509 844 558 aut,
877 506 911 546 si
937 505 998 546 ita
1024 505 1228 558 videatur,
1260 506 1439 547 reddant
1465 506 1662 560 spiritum

116 564 160 606 P.
193 564 381 620 Scipioni
414 566 467 607 ab
500 565 647 607 eodem
679 564 753 606 illo
787 565 1020 617 acceptum,
1053 566 1126 604 aut
1157 565 1313 604 servati
1347 564 1411 605 bis
1444 565 1517 605 uni
1549 565 1661 606 debi-

115 626 205 665 tam
245 625 377 665 vitam
416 639 492 679 pro
531 638 580 665 eo
618 624 661 664 in
699 624 949 677 perpetuum
988 621 1235 663 devoveant.

1299 625 1423 663 antea
1458 623 1501 663 in
1534 637 1662 664 causa
1689 634 1708 664 6

115 696 193 724 sua
224 683 419 724 fiduciam
452 683 533 724 sibi
564 681 694 723 fuisse
726 680 914 722 nondum
946 682 1118 734 experta
1150 680 1377 722 clementia
1409 682 1516 734 eius3
1550 696 1661 723 nunc

115 744 264 783 contra
295 742 455 783 nullam
487 741 531 781 in
564 754 703 793 causa,
736 753 905 781 omnem
937 739 979 780 in
1013 739 1304 780 misericordia
1335 739 1509 781 victoris
1542 755 1660 794 spem

115 801 346 854 repositam
379 799 545 841 habere.

607 812 699 839 mos
732 799 925 839 vetustus
958 800 1050 839 erat
1081 797 1306 852 Romanis,
1339 812 1433 839 cum
1469 813 1551 852 quo
1584 813 1660 840 nec
1689 810 1706 840 7

116 858 283 900 foedere
316 872 392 899 nec
426 857 571 911 aequis
603 857 768 912 legibus
801 857 1047 911 iungeretur
1080 856 1284 910 amicitia,
1317 871 1402 898 non
1434 858 1551 911 prius
1584 858 1660 898 im-

114 917 234 971 perio
267 917 310 957 in
343 931 438 958 eum
470 918 689 970 tamquam
721 918 921 970 pacatum
955 915 1035 969 uti,
1074 930 1200 970 quam
1234 916 1377 958 omnia
1409 916 1554 957 divina
1585 916 1661 957 hu-

112 989 322 1030 manaque
355 975 599 1028 dedidisset,
632 974 800 1016 obsides
834 975 1014 1028 accepti,
1053 989 1170 1015 arma
1203 974 1418 1029 adempta,
1450 975 1663 1029 praesidia

112 1033 290 1075 urbibus
322 1034 525 1089 imposita
557 1033 708 1075 forent.
759 1032 900 1087 Scipio
927 1033 1074 1074 multis
1100 1033 1291 1074 invectus
1317 1034 1361 1074 in
1394 1037 1662 1087 praesentem
1688 1044 1708 1075 8

112 1091 390 1134 Mandonium
418 1094 720 1147 absentemque
746 1091 974 1133 Indibilem
1000 1092 1151 1146 verbis,
1183 1092 1282 1134 illos
1309 1092 1481 1147 quidem
1508 1093 1660 1134 merito

112 1151 272 1205 perisse
311 1152 501 1205 ipsorum
541 1151 748 1193 maleficio
789 1151 865 1204 ait,
904 1151 1088 1192 victuros
1122 1165 1197 1192 suo
1239 1154 1365 1206 atque
1398 1151 1547 1206 populi
1580 1150 1661 1194 Ro-

161 1282 193 1312 4.
208 1279 573 1324 adi-olutusyenibus]
590 1279 662 1323 vgl
672 1278 732 1321 30,
745 1282 798 1321 12,
810 1282 850 1312 11

112 1324 351 1369 (Sophoniba)
384 1327 533 1371 qenibus
565 1306 737 1361 advolutd
764 1327 850 1360 eius

112 1370 147 1415 8,
174 1376 229 1416 37,
257 1376 294 1414 9·
320 1372 440 1407 ferner
464 1372 526 1416 44,
553 1378 607 1416 31,
638 1377 678 1407 13
703 1374 853 1418 ⁴(senibus

107 1420 291 1464 praetoris
317 1420 491 1455 accidens.

160 1467 308 1509 fatalem
362 1467 513 1512 rabiem]
571 1468 688 1502 rabies
743 1467 852 1501 meist

111 1523 184 1548 von
205 1513 348 1556 Tieren,
374 1525 447 1548 von
465 1513 662 1548 Menschen
682 1526 751 1548 nur
770 1513 853 1548 falls

112 1560 164 1595 sie
189 1559 228 1594 in
253 1560 318 1595 der
343 1561 434 1596 Wut
465 1561 543 1595 sich
568 1560 624 1595 bis
659 1573 739 1595 zum
767 1561 853 1596 Tier

108 1606 361 1652 erniedrigen3
388 1608 462 1652 vgl
489 1608 712 1650 26,13,12.

158 1666 252 1701 velut
266 1667 479 1711 contaqione
494 1668 651 1711 quadam
660 1668 811 1711 pestifet
812 1667 851 1713 a]

109 1712 191 1748 dass
230 1712 289 1748 die
326 1713 477 1748 Raserei
514 1714 590 1749 sich
630 1714 697 1748 wie
737 1714 853 1749 durch

111 1760 352 1806 Ansteckung
378 1760 547 1804 mitteile,
575 1762 658 1805 sagt
680 1761 757 1796 Liv.
780 1761 851 1804 oft,

109 1807 184 1852 vgl.
219 1818 248 1842 c.
276 1811 338 1851 27,
373 1812 413 1842 11
452 1819 514 1843 vos
550 1809 761 1854 contayione
797 1809 851 1843 in-

110 1855 268 1889 sanistis.
303 1855 337 1898 4,
365 1858 396 1899 9,
425 1859 467 1889 10
493 1859 656 1890 contacta
677 1875 719 1879 —
740 1856 850 1890 rabie.

109 1901 148 1943 9,
175 1905 232 1944 34,
261 1905 303 1936 14
328 1903 494 1946 eontayio
519 1903 596 1937 eius
621 1903 794 1937 criminis.

159 1963 190 1994 5.
217 1960 371 1995 reddant
394 1960 582 2006 spiritum]
613 1961 702 2004 „das
727 1961 852 1996 Leben

110 2006 427 2042 zurfiekerstatten
449 2007 690 2051 mfissten“;
718 2009 772 2044 als
793 2009 852 2043 ein

111 2053 303 2098 geliehnes
335 2053 424 2089 oder
450 2054 693 2099 geschenktes
718 2057 852 2100 (aceep-

110 2102 212 2145 tum).

160 2148 214 2183 bis
238 2148 321 2193 urii]
354 2147 390 2182 in
416 2147 679 2183 absichtlicher
705 2149 852 2183 Zusam-

110 2195 380 2239 menstellung3
398 2196 466 2230 uni
481 2195 772 2241 substantiviert,
787 2196 854 2231 wie

113 2242 169 2276 oft
194 2241 254 2276 bei
280 2241 370 2285 Liv.,
406 2241 605 2277 besonders
631 2242 669 2277 in
695 2243 765 2278 den
793 2243 857 2278 ob-

114 2288 242 2332 liquen
277 2288 406 2331 Casus3
445 2289 519 2334 vgl.
552 2289 612 2334 23,
645 2293 702 2334 23,
735 2294 754 2325 2
793 2301 857 2325 nec

113 2336 313 2371 censoriam
338 2347 410 2370 vam
435 2337 503 2371 mii
521 2318 736 2381 permissa'm
761 2348 796 2372 n.
823 2341 854 2373 ὅ.

115 2381 188 2418 Der
207 2381 421 2417 Nominativ
443 2383 609 2428 dagegen
633 2395 730 2419 wius
754 2385 855 2420 homo

114 2428 175 2472 24,
202 2432 261 2473 34,
289 2434 316 2464 1.
367 2430 424 2464 tir
449 2441 545 2464 unus
570 2430 629 2474 22,
656 2435 712 2475 22,
739 2435 769 2467 6.

156 2498 228 2532 pro
265 2498 304 2522 eo
342 2508 383 2513 —
423 2488 678 2535 devm-eamq,
683 2489 770 2531 ,ihm
795 2490 856 2524 fiir

114 2535 247 2570 immer
266 2533 330 2569 das
346 2534 468 2569 Leben
488 2536 631 2570 weihen
650 2536 853 2580 miil'sten‘st

112 2583 180 2617 das
206 2582 352 2626 h'aufige
379 2582 544 2627 devozeoe
568 2582 659 2616 wird
684 2583 752 2618 mit
770 2565 855 2619 deni

114 2629 228 2664 Dativ
259 2628 298 2671 6,
335 2632 393 2672 14,
430 2632 450 2664 8
476 2629 534 2663 illi
567 2629 730 2665 dez-overe
760 2632 854 2666 vitae

115 2697 159 2702 —
186 2676 280 2720 quod
298 2677 463 2720 supersit,
489 2675 564 2710 und
586 2676 678 2710 auch
700 2677 769 2711 mit
782 2687 853 2721 pro

115 2723 167 2767 (9,
186 2688 234 2766 q4,
269 2726 311 2757 10
349 2734 400 2757 me
437 2723 490 2757 vel
521 2723 685 2758 devovere
716 2734 787 2768 pro
813 2735 851 2768 p.

115 2769 161 2806 R.
189 2770 468 2816 leqionibusque>
495 2769 718 2805 verbunden.

165 2833 196 2864 7.
233 2840 308 2864 mos
344 2832 502 2864 vetustus
538 2828 630 2874 erat]
677 2828 736 2864 die
779 2829 853 2864 alte

115 2875 262 2911 Formel
287 2876 352 2911 der
371 2876 505 2911 deditio
531 2875 604 2921 vgl.
627 2875 659 2919 l,
687 2879 748 2919 383
775 2875 854 2911 dass

117 2922 218 2958 diese
237 2922 316 2958 hier
335 2922 438 2958 nicht
457 2923 700 2969 angewendet
718 2923 854 2967 wurde,

924 1289 1000 1312 war
1049 1278 1128 1313 eine
1179 1289 1250 1313 von
1300 1278 1369 1314 den

926 1324 1078 1370 Scipios.

970 1384 1108 1426 foedere
1153 1404 1195 1408 —
1241 1386 1363 1429 aequis
1406 1384 1556 1430 Ieyibus]
1606 1385 1665 1419 ein

925 1430 1168 1475 eigentlicher
1223 1431 1427 1476 Gegensatz
1482 1432 1665 1467 zwischen

925 1477 1050 1512 diesen
1073 1477 1258 1523 Begriffen
1286 1478 1454 1513 existiert
1477 1478 1591 1523 nicht,
1618 1479 1666 1513 da

927 1535 962 1559 es
983 1525 1077 1559 auch
1095 1525 1241 1568 foedera
1261 1526 1345 1570 gab,
1365 1526 1402 1560 in
1418 1527 1537 1561 denen
1557 1526 1664 1561 beide

926 1571 1206 1607 Kontrahenten
1232 1572 1566 1618 gleichberechtigt
1593 1584 1664 1607 wa-

925 1630 1005 1661 ren,
1032 1618 1110 1654 Liv.
1131 1619 1276 1654 scheint
1291 1619 1427 1664 jedoch
1453 1621 1533 1655 hier
1558 1624 1665 1655 unter

925 1666 1050 1708 foedus
1075 1666 1181 1700 einen
1206 1666 1365 1712 Vertrag
1391 1679 1434 1701 zu
1460 1667 1665 1710 verstehen,

925 1713 1084 1748 welcher
1115 1713 1194 1748 eine
1221 1713 1576 1759 Beschrankung
1601 1714 1666 1749 der

927 1759 1246 1805 Selbstandigkeit
1259 1761 1322 1796 des
1336 1762 1503 1796 fremden
1517 1761 1664 1796 Staates

924 1807 1226 1853 bewirkte;vvgl.
1253 1809 1293 1852 9,
1327 1812 1366 1851 5,
1399 1812 1418 1842 2
1451 1809 1589 1851 foedere
1621 1829 1664 1833 —-

918 1865 1000 1898 pax
1022 1855 1133 1898 facta.

971 1914 1196 1959 iunyeretur]
1243 1913 1486 1957 ‚‚bestande“,
1525 1913 1664 1959 infolge

924 1960 990 1995 der
1028 1960 1432 2005 Vertragsschliessung
1475 1961 1527 1996 sie
1570 1960 1666 1996 noch

924 2007 1127 2089 {Zorbandffl
1155 2007 1229 2052 vgl.
1252 2018 1280 2043 e.
1304 2011 1335 2051 7,
1357 2011 1376 2042 2
1403 2011 1443 2042 ut
1464 2028 1506 2033 —-
1533 2008 1664 2054 iunga-

925 2148 947 2182 ἀ
972 2102 1121 2183 κήιχὲεέίο
1148 2122 1191 2127 -
1217 2102 1364 2183 uti]hso
1384 2102 1513 2183 llaan}
1539 2101 1664 2184 {abde

925 2160 1078 2277 ἒὲὶάὠὲ
1087 2160 1415 2241 ,ἕᾙθνιὲὶῃῖιοοεύίῑῗῖαθ
1440 2160 1663 2241 Ραᾱῗόαΐαῖ.

957 2270 964 2285 2
1022 2269 1030 2285 7
1082 2269 1088 2276 ⁵

973 2302 1101 2336 divina
1160 2302 1389 2347 humanaque
1456 2302 1662 2347 dedidisset]

928 2349 999 2394 vgl.
1028 2348 1086 2384 die
1112 2350 1246 2384 deditio
1272 2349 1337 2384 der
1362 2348 1574 2394 Capuaner,
1608 2360 1664 2384 wo

928 2407 965 2430 es
996 2396 1092 2431 nach
1124 2396 1358 2441 Aufz’ahlung
1391 2396 1454 2431 der
1485 2396 1666 2431 lebenden

927 2443 1063 2477 Wesen
1088 2442 1216 2478 heisst:
1254 2455 1412 2488 quaeque
1443 2455 1520 2478 una
1549 2454 1665 2478 secum

926 2490 1109 2533 dedidere,
1140 2501 1268 2535 ayrum
1298 2491 1504 2535 urbemque,
1538 2491 1666 2525 divina

926 2537 1170 2582 humanaque,
1198 2539 1454 2582 ustensiliaque
1478 2538 1552 2572 sive
1575 2537 1664 2582 quid

927 2585 1032 2619 aliud
1056 2585 1282 2620 dediderunt.
1332 2584 1391 2628 26,
1419 2588 1474 2627 33,
1504 2588 1556 2619 13.

1417 1279 1665 1324 Neuerungen

974 2646 1005 2678 8.
1044 2643 1217 2685 maleficio
1255 2663 1298 2667 —
1337 2644 1518 2687 beneficio]
1554 2643 1664 2677 beab-

925 2689 1119 2734 sichtigter
1138 2689 1386 2734 Gleichklang
1404 2690 1479 2724 und
1498 2689 1582 2724 sehr
1601 2689 1664 2724 be-

925 2735 1040 2770 liebte
1078 2736 1478 2781 Gegenfiberstellung;
1522 2736 1596 2780 vgl.
1632 2736 1662 2779 7,

927 2785 988 2824 20,
1022 2787 1042 2817 5
1079 2786 1119 2816 ut
1156 2793 1223 2817 sua
1260 2787 1376 2817 vetera
1413 2783 1582 2826 beneficia
1621 2803 1664 2808 —

925 2830 1027 2864 novis
1069 2833 1339 2874 conrumperent
1386 2831 1578 2873 maleficiis.
1628 2831 1663 2874 9,

930 2880 988 2919 12,
1016 2880 1036 2910 2
1063 2880 1094 2911 et
1119 2877 1278 2920 beneficii
1306 2880 1338 2912 et
1369 2877 1536 2921 maleficii
1567 2888 1665 2913 occa-

926 2924 1024 2959 sione
1049 2925 1193 2959 amissa.
