1953 3278
906 735 1164 788 Anhang

307 915 341 950 1.
382 913 755 957 Abweiehungen
787 921 877 947 von
909 912 1248 948 Weissenborns
1279 913 1488 958 Ausgabe
1521 922 1610 948 von
1641 913 1759 948 1878.

251 989 290 1023 Ρ.
311 1005 355 1017 --
377 988 574 1023 Puteanus.
620 989 662 1023 Σ.
684 1004 728 1016 --
749 986 942 1032 Spirensis.
989 986 1063 1020 Md.
1085 1003 1128 1015 =
1149 986 1311 1031 Madvig.
1356 987 1458 1022 st.
1480 1004 1523 1016 =
1546 987 1813 1022 Weissenborn.

819 1033 873 1068 Ff.
902 1050 945 1062 =
971 1032 1246 1068 Friedersdorff.

373 1117 627 1159 .‚19·›atus
652 1115 821 1161 Silanus]
850 1115 1003 1150 Silanus
1028 1119 1132 1150 ratus
1156 1117 1199 1150 Σ.

371 1163 444 1206 .‚2
472 1167 491 1198 2
521 1164 583 1198 ubi
609 1162 864 1244 ερεοῑιῑαῖρνεὲ]
893 1163 1039 1197 interim
1064 1164 1303 1207 speculatores
1329 1164 1371 1196 Σ.

347 1174 398 1246 ib.
427 1215 449 1245 4
478 1212 519 1245 iu
547 1210 737 1256 Celtibero]
764 1221 805 1244 m
861 1210 1089 1246 eltiberorum
1116 1211 1158 1245 Σ.

347 1258 396 1292 ib.
427 1262 445 1292 7
473 1258 630 1293 Iocorum
657 1257 860 1302 Celtiberis]
889 1258 1046 1292 locorum
1073 1260 1105 1291 et
1132 1256 1317 1292 Celtiberis
1344 1258 1385 1291 Σ.

349 1316 382 1340 c.
410 1305 444 1347 3,
474 1309 492 1338 2
519 1305 682 1340 hostibus
706 1304 840 1350 tamen]
868 1307 986 1339 tamen
1011 1305 1172 1339 hostibus
1197 1306 1240 1338 Σ.

349 1352 397 1387 ib.
427 1356 446 1387 3
474 1352 669 1396 Hispanae
692 1351 825 1397 yemis]
852 1352 1075 1386 Bastetanae
1100 1353 1216 1397 yeutis
1241 1350 1341 1385 st.

349 1399 397 1435 ib.
425 1404 445 1434 9
474 1400 516 1434 in
541 1398 670 1444 unum]
698 1400 739 1433 iu
764 1410 878 1433 urium
905 1399 1019 1434 locum
1044 1401 1086 1434 Σ.

350 1447 399 1481 ib.
430 1450 471 1481 11
499 1446 620 1491 atque]
647 1448 776 1499 itaque
795 1447 840 1480 Σ.

349 1493 399 1528 ib.
428 1497 470 1528 12
498 1493 617 1538 caesa]
645 1493 740 1528 caesi
761 1493 788 1536 j.
817 1492 885 1528 Hd.

348 1540 397 1575 ib.
428 1543 471 1574 14
497 1544 528 1574 et
554 1540 785 1585 triariorum]
813 1543 1052 1575 caetratorum
1079 1540 1151 1574 Md.

349 1587 396 1621 ib.
425 1591 559 1623 ceteras
582 1588 718 1632 partis]
745 1591 878 1622 ceteras
898 1588 1022 1631 partis
1047 1588 1149 1621 urbis
1173 1589 1216 1621 Σ.

351 1644 385 1670 e.
413 1635 449 1677 5,
477 1639 496 1669 6
516 1635 845 1679 portendebantur]
866 1635 1171 1678 portenderentur
1198 1636 1240 1668 Σ.

350 1681 399 1716 ib.
430 1686 470 1715 11
493 1681 659 1726 peltatis]
682 1682 850 1725 peltastis
876 1681 949 1716 Md.

350 1729 399 1763 ib.
430 1731 472 1763 15
499 1740 589 1772 quae
611 1728 739 1772 prope]
768 1739 859 1772 quae
884 1729 957 1762 iam
982 1738 1094 1773 prope
1119 1730 1162 1762 Σ.

349 1775 397 1810 ib.
425 1775 585 1821 recepit]
612 1776 750 1819 recipit.
778 1776 821 1810 Σ.

350 1831 386 1858 c.
413 1823 448 1867 6,
475 1827 494 1857 6
519 1822 700 1867 proelium
725 1822 875 1867 initum]
902 1822 1038 1866 proelio
1064 1823 1156 1857 inito
1183 1823 1226 1856 Σ.

348 1879 383 1904 c.
414 1869 445 1911 7,
474 1874 493 1903 3
523 1869 723 1913 Philippus
750 1890 794 1894 -—
819 1869 968 1915 deiecto]
996 1869 1056 1904 die
1083 1869 1318 1914 Umstellung
1342 1868 1438 1903 nach
1466 1867 1612 1903 Crevier
1638 1868 1713 1902 und
1738 1867 1812 1902 Md.

349 1917 398 1951 ib.
427 1921 447 1950 5
473 1927 553 1951 cum
579 1916 764 1962 Romana]
792 1916 963 1951 Romana
990 1918 1032 1952 Σ,

349 1963 397 1998 ib.
425 1973 463 1998 eo
487 1974 524 1998 se
548 1964 749 2009 recepisset]
779 1963 910 1998 Oreum
934 1974 1006 1998 sese
1032 1967 1212 2008 receperat
1238 1967 1269 1997 et
1297 1964 1337 1997 Σ.

348 2009 398 2044 ib.
427 2014 470 2044 12
498 2010 673 2055 rastatae]
700 2013 822 2046 vastae
847 2012 890 2044 Σ.

349 2058 398 2093 ib.
427 2061 470 2092 13
496 2058 593 2092 sicut
618 2057 717 2103 ante]
743 2058 838 2093 sicut
858 2058 974 2102 paulo
1000 2061 1084 2092 ante
1109 2059 1153 2091 Σ.

350 2114 385 2139 e.
413 2103 447 2147 8,
474 2108 494 2138 2
521 2105 623 2139 nullo
649 2104 739 2149 Ioco]
768 2106 865 2139 nulli
890 2105 964 2139 Ioco
991 2106 1032 2138 Σ.

349 2152 399 2186 ib.
426 2151 596 2197 tempore]
624 2153 775 2195 tempori
800 2154 844 2186 Σ.

349 2208 385 2234 e.
411 2198 447 2240 9,
476 2202 491 2232 1
523 2198 689 2233 Maaeimi
713 2199 830 2244 filius]
859 2199 1053 2233 BIaoeimus
1079 2199 1121 2231 Σ.

349 2245 400 2279 ib.
427 2246 476 2280 acl
501 2245 681 2291 senatu-m]
709 2246 759 2280 ad
783 2249 948 2280 senatum
973 2246 1104 2280 missus
1128 2247 1171 2280 Σ.

350 2292 399 2328 ib.
428 2296 470 2327 13
497 2293 588 2327 duos
612 2293 859 2338 imperatores]
887 2293 981 2327 duas
1007 2293 1112 2334 acies,
1137 2293 1227 2327 duos
1253 2293 1482 2336 imperatores
1509 2290 1580 2325 Md.

348 2340 396 2374 ib.
428 2342 469 2373 18
499 2340 675 2385 notatum]
706 2343 868 2375 notatum
893 2343 943 2374 est
969 2341 1011 2374 Σ.

349 2387 398 2422 ib.
426 2398 534 2430 quam
560 2387 753 2432 consulem]
782 2398 890 2431 quam
916 2388 955 2421 in
981 2386 1158 2421 consulem
1185 2387 1227 2420 Σ.

351 2433 473 2475 c.10,
504 2437 546 2467 12
576 2434 615 2478 Q.
645 2434 855 2479 Mamilius]
887 2433 925 2478 Q.
954 2433 1124 2468 Mamilio
1150 2434 1193 2466 Σ.

349 2479 398 2514 ib.
420 2480 654 2526 propraetor]
681 2484 837 2523 praetor.
865 2481 1028 2526 Pighius.

351 2527 398 2563 ib.
428 2532 469 2562 16
499 2527 535 2561 C'.
564 2527 717 2562 Seri-ilio
738 2529 920 2573 praetori]
950 2526 986 2561 C
1013 2526 1168 2562 Servilio
1193 2528 1236 2560 Σ.

349 2585 382 2609 c.
411 2574 472 2619 11,
499 2578 518 2608 3
545 2575 704 2619 idemque
728 2575 881 2620 femina]
911 2575 1001 2609 idem
1026 2574 1230 2618 feminaque
1256 2576 1300 2608 Σ.

346 2621 395 2655 ib.
424 2625 445 2655 4
471 2631 637 2656 rrianasse
660 2622 805 2667 sudore]
832 2622 963 2656 sudore
989 2632 1152 2655 manasse
1177 2622 1220 2655 Σ

348 2668 396 2702 ib.
425 2668 654 2713 dicebantur]
681 2669 871 2703 dicebatur
897 2670 939 2702 Σ.

349 2715 398 2749 ib.
427 2720 446 2749 6
473 2715 550 2749 eius
575 2714 705 2760 noctis]
732 2716 847 2750 noctis
871 2716 947 2750 eius
973 2717 1015 2749 Σ.

349 2762 397 2796 ib.
425 2766 444 2795 8
466 2762 587 2806 posse]
615 2765 647 2796 et
666 2772 772 2806 posse
797 2764 840 2796 Σ.

350 2808 399 2842 ib.
428 2813 446 2843 9
475 2809 613 2853 liberis]
640 2813 671 2843 et
697 2810 819 2843 liberis
845 2811 886 2843 Σ.

350 2854 399 2889 ib.
429 2860 468 2889 11
496 2856 559 2899 qui
584 2856 690 2900 cives]
720 2859 757 2890 ut
783 2857 845 2900 qui
871 2857 961 2891 cives
981 2858 1023 2889 Σ.

352 2911 386 2936 (¹.
416 2902 474 2944 12,
502 2907 520 2936 5
549 2903 692 2946 deesset]
721 2904 876 2938 deessent
901 2905 942 2937 Σ.
