1953 3278
107 173 131 190 a,
153 165 203 190 Ch.
224 165 283 191 205.
604 154 747 189 LIBER
773 155 934 190 XXVIII.
987 156 1087 191 CAP.
1114 160 1169 191 40.
1578 155 1657 196 1οῖ

106 265 219 306 esset
249 276 347 316 pars
380 261 567 303 decuma.

106 323 269 375 datum,
311 322 358 362 ut
390 317 597 374 Campani
637 321 767 375 cives,
805 322 876 362 ubi
909 322 1058 376 cuique
1092 337 1140 363 ex
1175 325 1349 363 senatus
1381 321 1578 363 consulto
1612 321 1658 361 li-

104 381 219 422 ceret
254 379 467 432 habitare,
508 379 566 420 ibi
604 379 868 433 habitarent,
909 380 1348 434 animadverteretque
1381 381 1426 421 in
1460 394 1550 432 eos,
1589 380 1660 433 qui

104 438 209 480 alibi
240 438 498 479 habitarent.

222 495 384 538 Eadem
413 498 574 538 aestate
594 496 722 550 Mago
744 496 1002 537 Hamilcaris
1031 496 1142 536 filius
1169 510 1218 536 ex
1239 497 1402 537 minore
1424 496 1659 537 Baliarium

103 555 257 609 insula,
289 555 362 596 ubi
395 555 652 607 hibernarat,
685 554 905 595 iuventute
938 555 1048 595 lecta
1078 555 1122 595 in
1155 554 1334 595 classem
1367 555 1583 608 imposita,
1616 555 1659 596 in

102 613 274 655 Italiam
319 613 501 669 triginta
543 613 675 653 ferme
718 612 917 653 rostratis
959 613 1140 653 navibus
1179 615 1222 653 et
1259 613 1406 654 multis
1453 613 1658 654 onerariis

104 672 327 715 duodecim
360 672 480 713 milia
510 670 700 724 peditum
734 670 815 712 duo
848 670 981 711 ferme
1014 671 1204 725 equitum
1235 671 1417 724 traiecit,
1450 670 1657 712 Genuam-

103 745 203 786 que,
242 731 370 772 nullis
402 729 626 783 praesidiis
665 729 940 770 maritumam
978 744 1097 770 oram
1136 729 1395 784 tutantibus,
1433 730 1658 784 repentino

104 790 291 832 adventu
323 788 445 842 cepit.
508 787 603 828 inde
636 787 689 828 ad
721 802 838 829 oram
865 787 1071 843 Ligurum
1099 788 1365 842 Alpinorum,
1399 789 1433 829 si
1467 803 1573 842 quos
1599 788 1659 829 ibi

103 850 245 890 motus
271 846 410 888 facere
435 849 592 900 posset,
625 846 805 887 classem
833 846 1009 900 appulit.
1072 847 1258 902 Ingauni
1291 871 1344 876 —
1376 846 1584 901 Ligurum
1612 861 1661 888 ea

102 921 207 961 gens
248 907 312 946 est
349 929 406 934 -—
443 905 602 946 bellum
649 919 696 946 ea
732 908 987 958 tempestate
1027 907 1233 960 gerebant
1277 920 1370 947 cum
1410 905 1658 959 Epanteriis

99 963 331 1007 Montanis.
392 963 526 1019 igitur
564 963 732 1004 Poenus
767 963 951 1018 Savone,
991 964 1146 1018 oppido
1180 964 1359 1018 Alpino,
1397 964 1553 1018 praeda
1591 963 1657 1005 de-

101 1023 248 1078 posita
279 1024 322 1063 et
353 1022 495 1064 decem
529 1022 669 1076 longis
702 1022 882 1064 navibus
921 1023 962 1064 in
1005 1023 1190 1064 statione
1223 1023 1274 1064 ad
1307 1023 1567 1077 praesidium
1598 1036 1659 1064 re—

99 1082 226 1136 lictis,
253 1081 404 1122 ceteris
426 1079 731 1135 Carthaginem
758 1081 899 1122 missis
927 1081 977 1122 ad
1005 1081 1208 1123 tuendam
1233 1082 1507 1123 maritumam
1529 1096 1658 1134 oram,

101 1141 201 1195 quia
232 1139 348 1181 fama
380 1142 472 1181 erat
497 1139 739 1193 Scipionem
770 1140 1049 1182 traiecturum
1077 1155 1180 1195 esse,
1212 1140 1301 1194 ipse
1328 1141 1532 1182 societate
1560 1154 1656 1181 cum

99 1198 317 1254 IngauniS,
350 1213 531 1252 quorum
563 1199 746 1253 gratiam
778 1199 981 1252 malebat,
1013 1200 1252 1253 composita
1278 1199 1508 1240 Montanos
1535 1199 1654 1240 insti-

99 1258 185 1299 tuit
217 1270 477 1312 oppugnare.
540 1260 582 1299 et
613 1258 830 1298 crescebat
862 1258 1068 1299 exercitus
1101 1258 1147 1298 in
1179 1258 1280 1311 dies,
1314 1257 1365 1299 ad
1392 1258 1551 1298 famam
1583 1271 1657 1299 no·

100 1316 228 1358 minis
274 1316 364 1357 eius
409 1315 544 1357 Gallis
595 1315 782 1371 undique
827 1316 1149 1358 confluentibus.
1225 1331 1274 1358 ea
1325 1316 1451 1370 <res>
1502 1316 1659 1357 litteris

98 1375 274 1430 cognita
300 1373 370 1428 Sp.
397 1374 579 1428 Lucreti,
611 1389 664 1415 ne
690 1374 850 1416 frustra
876 1375 1145 1417 Hasdrubale
1179 1390 1273 1416 cum
1308 1376 1493 1417 exercitu
1520 1375 1659 1416 deleto

98 1433 274 1475 biennio
308 1436 406 1475 ante
439 1433 582 1475 forent
612 1434 772 1488 laetati,
805 1435 842 1475 si
873 1449 951 1488 par
984 1434 1098 1475 aliud
1124 1434 1223 1474 inde
1249 1434 1409 1476 bellum
1437 1434 1540 1475 duce
1566 1436 1658 1474 tan-

96 1495 189 1533 tum
221 1495 386 1534 mutato
420 1494 623 1546 oreretur,
655 1507 799 1534 curam
831 1492 1053 1548 ingentem
1086 1493 1278 1534 accendit
1307 1493 1514 1546 patribus.
1578 1493 1655 1533 ita-

97 1565 178 1605 que
211 1553 254 1592 et
285 1550 342 1593 M.
372 1550 539 1592 Livium
571 1552 867 1605 proconsulem
901 1565 950 1592 ex
981 1551 1157 1593 Etruria
1191 1552 1393 1592 volonum
1426 1551 1657 1592 exercitum

98 1610 323 1651 admovere
345 1609 585 1650 Ariminum
611 1610 838 1664 iusserunt,
866 1612 907 1651 et
927 1609 1002 1652 Cn.
1018 1609 1198 1651 Servilio
1220 1610 1409 1664 praetori
1435 1610 1658 1664 negotium

97 1668 258 1722 datum,
284 1671 343 1722 ut,
371 1669 406 1709 si
438 1682 459 1709 e
485 1682 530 1709 re
557 1669 728 1722 publica
758 1671 951 1711 censeret
975 1683 1080 1723 esse,
1108 1669 1212 1710 duas
1240 1669 1426 1710 urbanas
1455 1669 1659 1723 legiones,

98 1727 279 1781 imperio
313 1727 380 1769 cui
412 1727 626 1768 videretui
657 1727 769 1781 dato,
802 1742 853 1769 ex
884 1728 989 1769 urbe
1019 1728 1114 1769 duci
1140 1728 1318 1769 iuber.et
1380 1727 1437 1768 Μ.
1458 1727 1656 1768 Valerius

96 1784 309 1827 Laevinus
341 1785 559 1827 Arretiuni
593 1801 663 1827 eas
695 1786 886 1841 legiones
919 1787 1051 1828 duxit.

144 1936 325 1980 neyotium
367 1936 515 1981 datum]
556 1936 649 1979 „der
680 1935 841 1981 Auftrag

97 1983 283 2027 gegeben,
321 1982 428 2017 daftir
459 1995 502 2017 zu
534 1993 684 2028 sorgen,
717 1982 838 2024 dass“;

97 2028 551 2074 Ausffihrungsmassregel
577 2041 648 2064 von
673 2029 734 2073 26,
750 2034 792 2064 33
805 2029 839 2064 ff.

146 2091 212 2122 7—
218 2091 271 2122 13.
298 2088 452 2132 Magos
477 2086 837 2123 Unteinehmun-

95 2145 180 2179 gen
198 2147 243 2169 1n
264 2133 562 2169 Oberitallen
593 2139 680 2169 14—
688 2139 742 2170 16.
762 2135 840 2169 Er·

95 2181 298 2264 ξίἰέῐιὲίεεθ
325 2193 400 2216 zur
421 2182 500 2216 See
526 2182 612 2216 und
637 2183 680 2217 in
709 2183 835 2216 Brut-

145 2291 175 2321 7
208 2288 393 2322 iuventute
424 2288 529 2333 lecta]
563 2288 628 2323 das
661 2287 838 2332 Adjektiv

97 2335 208 2368 lectus
237 2334 269 2376 7,
291 2338 322 2377 7,
349 2338 370 2368 4
397 2335 486 2370 lecta
510 2335 642 2369 robora
665 2336 837 2369 1110111111.

95 2380 131 2424 6,
158 2385 189 2424 7,
220 2384 236 2414 1
263 2382 481 2416 iuventutem
507 2402 548 2406 —
577 2383 711 2416 lectam.

144 2443 176 2474 8.
202 2440 235 2473 si
250 2459 291 2464 —
302 2439 469 2485 posset],
473 2451 546 2482 ,um
566 2452 610 2474 zu
623 2441 837 2484 versuchen,

95 2485 186 2528 ob“;
219 2485 279 2520 bei
312 2498 353 2520 zu
383 2467 649 2531 erg‘z'inzendem
674 2486 838 2522 Verbum

97 2533 160 2567 des
186 2532 418 2567 Versuchens
444 2533 559 2567 findet
585 2533 662 2568 sich
690 2535 780 2569 stets
805 2535 839 2569 si

95 2579 164 2614 mit
191 2579 274 2614 dem
302 2579 502 2614 Hiilfsverb
522 2591 642 2624 posse3
676 2581 748 2625 vgl.
776 2581 837 2626 27,

144 2677 176 2707 9.
205 2674 389 2719 Inyauni]
425 2685 484 2708 am
510 2673 619 2708 Fusse
653 2674 717 2708 der
750 2673 836 2707 See-

95 2721 225 2764 alpen,
257 2720 327 2755 mit
359 2721 425 2755 der
450 2721 681 2765 Hauptstadt
706 2721 836 2755 Albin-

94 2778 273 2812 9aunum3
318 2768 377 2802 die
419 2768 619 2811 Epanterii
661 2767 727 2801 auf
767 2767 837 2802 den

95 2814 217 2858 Alpen
251 2814 384 2858 selbst,
424 2815 540 2849 daher
570 2815 630 2849 ihr
661 2814 839 2848 Beiname

98 2860 287 2895 Montani.

146 2911 200 2942 10.
215 2907 369 2954 Savone]
383 2908 448 2942 der
455 2908 607 2943 Ablativ
619 2908 682 2942 des
692 2907 839 2942 Stadte-

913 1947 1066 1971 nameus
1087 1937 1182 1971 ohne
1202 1938 1243 1971 in
1269 1936 1329 1971 bei
1349 1937 1412 1971 der
1433 1936 1656 1981 Apposition

915 1984 986 2028 vgl.
1024 1984 1062 2027 1,
1096 1988 1134 2026 2,
1169 1988 1188 2018 3
1229 1984 1338 2019 Caere
1377 1985 1544 2027 opulento
1582 1988 1657 2018 tum

912 2031 1054 2075 oppido.

962 2093 1014 2123 11.
1042 2091 1203 2124 instituit
1228 2090 1454 2135 oppuynare]
1490 2101 1552 2132 „er
1584 2090 1661 2124 traf

912 2135 1137 2180 Massregeln
1163 2149 1243 2170 zum
1271 2137 1458 2181 Angriff‘3
1490 2137 1565 2181 vgl.
1594 2135 1656 2179 29,

915 2187 969 2225 13,
982 2186 1002 2217 8
1022 2184 1190 2218 dilectum
1209 2184 1336 2218 habere
1356 2184 1556 2219 instituunt
1576 2196 1608 2218 u.
1623 2195 1654 2218 o.

963 2246 1016 2276 13.
1049 2243 1216 2276 volonum
1247 2242 1457 2288 eaeereitum]
1490 2243 1562 2287 vgl.
1594 2242 1655 2285 27,

913 2292 974 2332 38,
1002 2293 1022 2324 8
1055 2290 1097 2323 de
1134 2290 1323 2324 'volonibus
1356 2290 1569 2324 revocandis
1607 2291 1656 2324 acl

911 2337 1029 2380 sigma,
1055 2348 1090 2370 u.
1117 2336 1176 2379 24,
1205 2340 1353 2370 15—16.

958 2395 1108 2438 imperio
1123 2395 1183 2428 cui
1196 2395 1378 2429 videretur
1392 2395 1494 2440 clato]
1510 2395 1575 2429 der
1587 2395 1655 2429 Re-

911 2440 1085 2475 lativsatz
1092 2441 1141 2475 ist
1150 2453 1215 2475 aus
1225 2441 1306 2476 dem
1315 2441 1542 2486 Hauptsatze
1551 2454 1593 2475 zu
1602 2452 1655 2475 er-

911 2491 1069 2532 g'anzen:
1094 2489 1155 2523 cui
1168 2489 1358 2532 imperium
1372 2489 1460 2523 dare
1473 2490 1655 2523 videretur

911 2551 954 2563 =
982 2537 1050 2578 gut
1075 2535 1222 2570 schiene
1248 2547 1291 2569 zu
1322 2536 1458 2580 geben;
1492 2535 1567 2580 vgl.
1594 2535 1653 2578 21,

912 2585 967 2623 62,
984 2585 1002 2616 7
1024 2583 1155 2626 quibas
1174 2583 1308 2616 editum
1328 2586 1378 2616 est
1398 2583 1470 2616 (liis
1491 2583 1654 2626 (hostiae)

910 2639 1032 2662 eaesae
1070 2646 1112 2657 =
1154 2629 1286 2673 quibus
1328 2632 1369 2662 ut
1412 2630 1655 2670 caederentur,

910 2675 1045 2709 editum
1065 2679 1123 2709 est.
1151 2675 1186 2718 3,
1205 2679 1261 2718 41,
1283 2679 1304 2708 4
1324 2685 1395 2709 non
1422 2676 1481 2709 cui
1506 2676 1653 2710 simula—

911 2721 973 2755 bat
1005 2722 1220 2756 consulendo
1253 2738 1296 2750 =
1328 2733 1401 2756 non
1439 2723 1490 2763 ei,
1530 2723 1590 2756 cui
1619 2733 1655 2756 se

911 2769 1092 2802 consulere
1105 2769 1313 2811 simulabat,
1328 2770 1546 2803 consulendo
1563 2781 1594 2804 u.
1603 2779 1653 2811 ο.;

912 2814 1141 2849 namentlich
1152 2815 1221 2850 mit
1235 2815 1318 2850 dem
1327 2814 1528 2850 Hiilfsverb
1537 2826 1653 2860 posse,

912 2861 947 2903 4,
963 2865 1018 2903 39,
1031 2865 1050 2895 9
1071 2862 1202 2906 quibus
1220 2866 1362 2906 poterat
1379 2863 1516 2897 sauciis
1535 2863 1654 2898 ductis

911 2919 1038 2943 seeum.

629 265 671 303 et
703 261 777 305 Cn.
810 261 987 304 Servilio
1022 263 1207 317 praetori
1241 263 1402 304 urbano
1436 262 1657 317 negotium
1687 271 1707 298 «ἰ

1689 502 1706 532 ’ἵ

1687 678 1706 708 8

1689 856 1706 883 2)

1688 973 1728 1003 10

1686 1149 1725 1178 11

1690 1326 1730 1355 12

1686 1503 1727 1533 13
