1953 3278
256 148 312 190 28
704 147 843 181 LIBER
872 146 1034 181 XXVIII.
1086 145 1188 182 CAP.
1218 151 1270 181 12.
1301 152 1354 182 13.
1660 163 1686 181 a.
1707 164 1734 181 u.
1754 159 1815 183 548.

187 267 227 297 11
257 255 638 311 Carthaginienses
665 254 769 294 duce
797 253 955 293 amisso
981 253 1026 292 in
1053 252 1251 293 ultimam
1272 252 1506 307 Hispaniae
1533 268 1651 295 oram
1679 269 1811 309 usque

258 316 309 356 ad
344 315 559 356 Oceanum
593 311 802 366 compulsi
835 314 974 363 erant,
1014 311 1228 364 disparem
1261 314 1422 365 autem,
1460 313 1572 367 quod
1604 312 1815 367 Hispania

257 388 343 414 non
383 386 510 426 quam
549 370 677 412 Italia
717 369 861 421 modo,
906 369 979 410 sed
1021 384 1148 424 quam
1187 369 1274 410 ulla
1311 384 1410 423 pars
1451 375 1661 413 terrarum
1701 373 1812 414 bello

187 442 229 472 12
255 429 492 485 reparando
533 430 674 483 aptior
713 431 805 470 erat
843 428 1033 469 locorum
1072 428 1379 483 hominumque
1410 428 1606 484 ingeniis.
1668 431 1813 486 itaque

256 503 356 543 ergo
395 489 535 541 prima
566 487 774 529 Romanis
814 487 923 528 inita
955 487 1288 541 provinciarum,
1329 501 1437 540 quae
1478 488 1648 542 quidem
1681 490 1813 531 conti-

255 547 395 587 nentis
435 547 540 601 sint,
579 550 797 600 postrema
835 547 1045 600 omnium,
1083 550 1231 586 nostra
1270 545 1438 586 demum
1478 548 1639 600 aetate,
1684 548 1813 590 ductu

186 617 227 646 13
256 605 531 659 auspicioque
570 605 759 659 Augusti
798 603 992 646 Caesaris
1036 604 1277 658 perdomita
1324 606 1400 645 est.
1469 604 1530 644 ibi
1573 607 1665 647 tum
1704 605 1814 648 Has-

255 664 407 704 drubal
441 663 665 717 Gisgonis,
702 663 912 703 maximus
952 662 1298 717 clarissimusque
1339 677 1388 703 eo
1427 662 1540 704 bello
1582 665 1814 706 secundum

253 721 461 763 Barcinos
495 722 597 774 dux,
630 736 849 776 regressus
883 722 935 762 ab
970 720 1159 763 Gadibus
1192 720 1426 762 rebellandi
1460 735 1554 775 spe,
1587 722 1815 764 adiuvante

253 780 438 835 Magone
471 779 730 821 Hamilcaris
768 780 877 832 filio,
916 780 1142 822 dilectibus
1174 794 1250 834 per
1280 780 1526 821 ulteriorem
1559 779 1815 834 Hispaniam

253 839 415 880 habitis
449 839 502 879 ad
536 839 850 893 quinquaginta
876 839 997 880 milia
1028 839 1219 893 peditum
1253 841 1456 893 quattuor
1483 839 1602 880 milia
1628 843 1670 880 et
1695 841 1815 894 quin-

186 908 228 938 14
255 901 409 952 gentos
454 897 618 951 equites
664 897 859 938 armavit.
922 897 971 938 de
1024 897 1289 951 equestribus
1335 898 1469 952 copiis
1519 898 1652 939 ferme
1703 899 1815 940 inter

255 959 450 997 auctores
484 956 701 1008 convenit,
742 956 931 1009 peditum
971 956 1246 1010 septuaginta
1278 956 1396 997 milia
1428 957 1598 1010 quidam
1633 957 1815 999 adducta

186 1025 227 1056 15
255 1015 308 1056 ad
346 1013 525 1069 Silpiam
563 1015 712 1055 urbem
751 1015 956 1056 scribunt.
1025 1014 1084 1055 ibi
1126 1028 1252 1068 super
1291 1029 1464 1068 campos
1503 1017 1691 1069 patentis
1730 1017 1813 1058 duo

254 1073 380 1115 duces
412 1073 545 1115 Poeni
578 1088 628 1114 ea
660 1075 818 1126 mente,
857 1087 910 1113 ne
943 1073 1230 1113 detrectarent
1263 1077 1497 1127 certamen,
1530 1075 1814 1116 considerunt.

187 1135 234 1171 13
373 1131 534 1186 Scipio,
573 1146 667 1173 cum
707 1132 759 1173 ad
793 1146 888 1172 eum
926 1131 1042 1172 fama
1073 1132 1182 1172 tanti
1216 1131 1453 1185 comparati
1486 1133 1692 1174 exercitus
1725 1148 1815 1187 per-

254 1192 343 1232 lata
381 1194 512 1243 esset,
554 1204 691 1245 neque
730 1191 935 1232 Romanis
978 1190 1221 1245 legionibus
1262 1193 1407 1232 tantae
1454 1204 1497 1231 se
1540 1190 1629 1232 fore
1671 1206 1815 1245 parem

254 1249 521 1291 multitudini
567 1252 704 1301 ratus,
754 1252 802 1290 ut
847 1264 932 1290 non
982 1249 1027 1289 in
1072 1250 1256 1303 speciem
1302 1249 1455 1290 saltem
1500 1253 1816 1303 opponerentur

206 1320 226 1350 2
254 1309 538 1350 barbarorum
572 1308 741 1361 auxilia,
772 1322 909 1362 neque
941 1308 987 1348 in
1019 1308 1071 1349 iis
1104 1311 1249 1348 tamen
1281 1311 1449 1350 tantum
1476 1307 1631 1349 virium
1658 1323 1815 1362 ponen-

254 1368 366 1420 dum,
398 1370 446 1408 ut
470 1367 677 1408 mutando
705 1367 845 1420 fidem,
877 1380 985 1421 quae
1012 1367 1145 1408 cladis
1173 1381 1300 1408 causa
1326 1367 1478 1408 fuisset
1505 1367 1617 1421 patri
1643 1370 1815 1422 patruo-

301 1504 334 1529 0.
357 1494 415 1539 12,
439 1499 576 1529 10-0,
597 1494 656 1529 37.
688 1494 998 1538 Vertreibnng

253 1542 330 1576 der
355 1541 524 1576 Punier
549 1553 626 1576 aus
655 1541 863 1586 Spanien.
892 1545 998 1582 c.12‚

255 1592 390 1623 lO—c.
406 1593 459 1624 15.
487 1589 654 1623 Zweite
681 1588 900 1623 Schlacht
924 1588 999 1623 bei

252 1635 454 1670 Baecula
480 1635 671 1680 (Silpia).

302 1698 355 1729 12.
377 1696 498 1740 itaque
511 1694 608 1739 erqo]
626 1694 744 1728 dieser
758 1693 998 1728 Pleonasmus

253 1742 397 1777 scheint
421 1742 526 1776 mehr
558 1742 622 1776 der
648 1742 789 1775 alteret]
816 1740 998 1775 Latinit'at

251 1789 525 1833 anzugehorem
559 1800 598 1823 er
631 1788 747 1822 findet
773 1787 850 1821 sich
877 1787 997 1822 ausser

251 1835 311 1870 bei
349 1836 450 1871 alten
492 1834 670 1870 Dichtern
715 1847 783 1869 nur
822 1834 881 1869 bei
919 1833 995 1868 Liv.

250 1883 326 1916 und
346 1883 405 1917 bei
425 1883 562 1917 diesem
578 1882 616 1916 in
631 1882 696 1917 der
710 1884 829 1916 ersten
845 1881 996 1915 Dekade

252 1929 425 1964 dreimal:
453 1931 485 1973 l,
506 1933 562 1973 25,
577 1933 609 1964 2.
630 1929 665 1970 3,
686 1933 742 1972 31,
759 1932 789 1963 5.
811 1929 846 1972 9,
862 1933 995 1972 31,16;

251 1977 290 2010 111
322 1977 386 2011 der
416 1977 555 2011 dritten
585 1976 659 2010 und
686 1976 829 2011 vierten
856 1976 895 2020 je
922 1976 998 2010 ein—

252 2023 326 2057 mal
353 2023 413 2068 39,
438 2027 493 2066 25,
522 2028 576 2057 11.

298 2082 477 2117 Romanis
509 2083 606 2116 inita
656 2081 765 2116 Dativ
805 2081 869 2116 der
905 2083 993 2115 han-

252 2129 412 2163 delnden
439 2129 574 2163 Person
637 2128 709 2162 eim
736 2128 885 2169 Passiv,
919 2129 993 2173 vgl.

251 2176 286 2218 9,
308 2180 364 2218 36,
389 2181 403 2210 1
434 2176 537 2210 Silva
569 2176 731 2210 Ciminia
756 2196 799 2200 -
827 2176 922 2210 melli
948 2176 996 2210 acl

251 2234 330 2258 eam
355 2224 448 2257 diem
476 2243 515 2247 —
545 2223 659 2257 adita.

299 2283 410 2316 ducta
454 2281 702 2327 auspic-ioque]

252 2328 431 2363 hochsten
458 2329 658 2373 Leitung“;
685 2329 723 2362 in
750 2329 869 2363 dieser
894 2328 995 2362 alten

250 2375 396 2410 Forniel
434 2376 485 2410 ist
528 2376 601 2410 fast
638 2375 892 2410 ausnahmslos
931 2375 996 2409 der

252 2422 426 2467 Singular
464 2423 606 2465 fiblich3
656 2423 728 2466 vgl.
761 2422 913 2466 jedoch:
960 2422 994 2464 S,

252 2473 313 2512 33,
340 2473 384 2503 22
412 2471 475 2514 qui
500 2471 576 2504 eius
609 2469 722 2504 ductu,
747 2470 994 2513 auspiciisque

250 2517 401 2552 vicisset.
429 2515 497 2551 Die
513 2516 683 2561 Stellung
702 2515 752 2550 ist
772 2518 862 2550 stete
881 2517 993 2551 ducta

251 2565 427 2607 auspicio,
453 2563 563 2598 meist
587 2563 658 2597 mit
682 2575 748 2608 que
768 2563 992 2604 verbunden,

251 2610 368 2645 selten
406 2614 438 2645 et
476 2611 564 2645 oder
603 2613 724 2655 atque;
769 2611 881 2645 ductu
920 2609 993 2644 und

249 2658 415 2702 auspicio
428 2658 551 2692 finden
565 2657 641 2692 sich
657 2658 745 2693 aber
759 2658 853 2692 auch
868 2657 992 2699 allein;

250 2705 324 2749 vgl.
351 2705 422 2739 den
448 2705 542 2739 Anh.

297 2764 458 2807 Auyusti
484 2763 666 2808 Caesaris]
698 2763 768 2798 den
795 2762 993 2798 Abschluss

251 2810 432 2845 erreichte
479 2810 658 2855 Spaniens
709 2810 994 2853 Unterwerfung

252 2859 294 2889 19
315 2867 346 2890 a.
363 2856 425 2891 Ch.
448 2857 562 2892 durch
577 2857 764 2902 Agrippas
786 2857 996 2902 Besiegung

250 2902 314 2936 der
340 2902 553 2940 Cantabrer.

752 2309 771 2324 „
782 2283 889 2315 unter
931 2281 996 2315 der

1123 1498 1175 1528 13.
1202 1495 1401 1529 'rebellandi
1425 1495 1501 1540 spe]
1530 1494 1590 1537 „iu
1626 1495 1690 1529 der
1715 1494 1814 1530 Hoff-

1073 1554 1173 1586 nung
1208 1542 1274 1576 anf
1306 1541 1616 1586 erfolgreiche
1649 1541 1814 1576 W'ieder-

1071 1588 1268 1622 aufnahme
1284 1589 1347 1622 des
1366 1589 1558 1632 K1·ieges“;
1585 1589 1656 1632 vgl.
1673 1589 1706 1632 2,
1722 1593 1777 1632 56,
1794 1594 1814 1624 4

1070 1637 1124 1669 vis
1160 1637 1208 1670 ad
1245 1636 1481 1670 resistendum
1519 1652 1563 1664 =
1599 1648 1642 1670 zu
1681 1636 1814 1681 erfolg-

1070 1683 1232 1717 reichem
1259 1683 1530 1718 Widerstande.

1119 1756 1172 1787 14.
1195 1752 1368 1798 Silpiam]
1391 1753 1486 1788 nach
1500 1753 1676 1798 Polybius
1698 1754 1814 1798 Ilipa,

1070 1799 1120 1834 im
1148 1799 1436 1834 stidwestlichen
1463 1800 1642 1844 Spanien,
1675 1801 1815 1836 unweit

1073 1847 1137 1881 des
1164 1847 1299 1881 Baetis.

1117 1951 1152 1977 e.
1175 1941 1234 1984 13,
1258 1945 1287 1976 1.
1309 1941 1450 1986 Scipio]
1471 1941 1630 1976 beachte
1651 1941 1710 1976 die
1731 1944 1811 1977 ent-

1070 1988 1243 2023 wickelte
1276 1988 1350 2023 und
1382 1988 1478 2023 doch
1511 1988 1679 2023 einfache
1704 1988 1813 2024 Form

1070 2037 1135 2070 der
1172 2036 1418 2070 historischen
1457 2035 1630 2070 Periode:
1675 2035 1812 2080 Scipio,

1069 2094 1149 2118 cum
1170 2103 1212 2107 —
1233 2083 1374 2127 perlata
1400 2086 1496 2125 esset,
1518 2102 1560 2107 —
1580 2093 1692 2126 neque
1710 2086 1814 2117 ratus

1068 2151 1112 2155 —
1144 2141 1271 2174 neque,
1304 2149 1347 2154 —
1374 2130 1575 2173 praemisso
1607 2130 1736 2164 Silano
1769 2150 1812 2154 —

1065 2178 1252 2221 profectus
1279 2196 1324 2201 —
1346 2177 1520 2221 pervenit.

1116 2248 1294 2281 Romanis
1331 2246 1547 2292 leyionibzis]
1593 2258 1706 2288 „nur
1744 2247 1813 2281 mit

1069 2294 1277 2329 romischen
1297 2294 1520 2338 Legionen“,
1547 2293 1581 2327 d.
1597 2294 1631 2327 h.
1654 2294 1722 2328 mit
1742 2294 1812 2329 den

1068 2341 1350 2386 gewohnlichen
1379 2339 1640 2375 Streitkritften
1666 2341 1729 2375 des
1755 2344 1812 2375 τὸ-

1067 2387 1231 2422 mischen
1261 2388 1407 2422 Heeres.

1108 2462 1148 2492 ut
1159 2469 1284 2493 ποη-
1295 2458 1576 2503 opponerentur]
1591 2457 1699 2501 „falls
1711 2458 1813 2492 nicht

1067 2505 1406 2549 entgegengestellt
1449 2505 1647 2547 wfirden‘⁴;
1693 2505 1810 2539 01110111

1066 2552 1407 2597 Bedingungssatze
1428 2551 1505 2586 sich
1528 2552 1710 2595 n'ahernd3
1737 2552 1811 2596 vgl.

1067 2599 1127 2641 27,
1155 2603 1211 2643 22,
1237 2605 1251 2633 1
1275 2603 1315 2634 ut
1341 2603 1555 2634 numeretur.

1115 2673 1145 2703 2.
1173 2671 1214 2704 in
1234 2670 1281 2704 iis
1296 2690 1338 2694 —-
1358 2673 1499 2703 tantum
1520 2669 1654 2703 virium
1673 2679 1810 2713 ponen-

1066 2717 1168 2762 dum]
1202 2717 1320 2759 „doeh
1353 2715 1457 2750 diirfe
1488 2715 1555 2749 auf
1581 2715 1692 2750 ihnen
1724 2715 1809 2750 kein

1068 2775 1107 2798 so
1133 2763 1276 2808 grosser
1296 2763 1375 2798 Teil
1404 2762 1468 2796 der
1489 2762 1724 2797 Streitkrafte
1748 2763 1809 2797 be-

1067 2811 1220 2850 ruhen“,
1235 2810 1268 2844 d.
1284 2810 1319 2844 h.
1335 2810 1413 2844 ihre
1428 2808 1568 2842 Anzahl
1591 2809 1693 2844 dfirfe
1708 2809 1812 2844 nicht

1069 2869 1108 2892 so
1135 2856 1235 2902 gross
1262 2857 1351 2899 sein,
1379 2855 1475 2899 dass;
1498 2876 1537 2880 —
1562 2856 1637 2900 vgl.
1658 2867 1687 2891 0.
1713 2861 1767 2899 12,
1788 2860 1808 2891 6

1067 2905 1109 2939 in
1134 2904 1265 2948 quibus
1291 2923 1334 2928 —-
1362 2913 1441 2947 spes
1465 2904 1632 2947 reposita.
