1953 3278
206 322 248 354 19

229 433 253 467 6
279 433 394 470 terra
426 429 736 480 oppugnarent.

230 557 249 586 2

230 732 249 761 3

276 145 331 186 12
745 144 891 179 LIBER
915 143 1083 179 XXVIII.
1134 143 1237 180 CAP.
1264 149 1295 180 5.
1322 150 1353 181 6.

1672 162 1697 181 a.
1717 162 1745 180 u.
1765 155 1830 181 547.

277 254 472 306 mittunt,
525 265 631 306 quae
682 252 734 292 ab
779 250 1048 292 Demetriaco
1100 250 1194 292 sinu
1239 249 1482 293 Chalcidem
1531 255 1575 294 et
1622 253 1831 307 Euripum

277 312 439 366 petenti
472 311 523 351 ad
556 311 722 350 laevam
754 310 894 363 prima
919 309 1090 350 urbium
1115 309 1317 350 Euboeae
1342 311 1484 364 posita
1509 315 1585 352 est.
1635 312 1696 353 ita
1721 312 1833 352 inter

279 370 475 412 Attalum
515 382 563 408 ac
602 366 836 421 Sulpicium
876 368 1089 421 convenit,
1128 370 1176 408 ut
1212 367 1397 409 Romani
1437 384 1461 410 a
1499 370 1624 423 mari,
1661 371 1768 425 regii
1807 384 1832 411 a

808 426 1042 479 quadriduo
1081 428 1181 480 post
1213 440 1340 480 quani
1379 427 1557 480 adpulsa
1587 429 1734 470 classis
1767 431 1834 470 est

276 487 423 527 urbem
457 484 648 539 adgressi
680 488 790 526 sunt.
851 484 895 526 id
927 487 1096 539 tempus
1129 485 1309 526 occultis
1347 499 1442 526 cum
1474 485 1665 540 Platore,
1703 487 1774 541 qui
1807 502 1832 528 a

277 543 476 597 Philippo
498 543 765 597 praepositus
793 544 887 585 urbi
909 546 1013 596 erat,
1039 543 1277 597 conloquiis
1304 543 1579 597 absumptum
1599 549 1675 586 est.
1725 545 1831 586 duas

277 616 394 643 arces
426 602 527 643 urbs
560 601 704 654 habet,
735 617 864 643 unam
897 603 1195 643 imminentem
1228 602 1348 654 mari,
1381 602 1517 642 altera
1541 603 1659 644 urbis
1691 603 1832 644 media

277 663 360 713 est,
406 660 601 702 cuniculo
643 661 741 701 inde
782 661 852 702 via
893 661 945 701 ad
986 674 1102 702 mare
1144 660 1277 713 ducit,
1317 675 1444 714 quam
1486 675 1510 701 a
1551 661 1659 701 mari
1703 661 1833 703 turris

277 719 463 773 quinque
489 720 794 772 tabulatorum,
820 720 1039 774 egregium
1066 719 1449 773 propugnaculum,
1480 719 1717 760 claudebat.
1771 720 1832 761 ibi

276 778 415 832 primo
442 778 757 819 atrocissimum
784 780 1052 819 contractum
1079 780 1144 818 est
1170 780 1386 818 certamen
1412 782 1455 819 et
1480 781 1596 819 turre
1607 777 1834 819 ·instructa

277 837 396 878 omni
430 850 584 890 genere
616 836 800 877 telorum
837 840 879 877 et
909 836 1135 878 tormentis
1167 836 1460 890 machinisque
1493 836 1545 877 ad
1579 850 1834 891 oppugnan-

278 895 375 936 dam
409 909 502 936 eam
539 909 588 935 ex
621 895 801 936 navibus
835 895 1055 948 expositis.
1117 908 1214 935 cum
1247 895 1435 936 omnium
1469 895 1636 936 animos
1669 895 1832 936 oculos-

278 968 359 1008 que
391 953 434 994 id
466 956 683 995 certamen
716 954 954 1006 avertisset,
985 956 1111 1007 porta
1142 953 1396 994 maritumae
1431 954 1540 995 arcis
1574 953 1721 995 Plator
1751 953 1833 995 Ro-

277 1027 430 1053 manos
463 1013 639 1066 accepit,
670 1015 973 1067 momentoque
1006 1027 1082 1053 arx
1113 1014 1320 1065 occupata
1351 1015 1426 1052 est.
1489 1012 1689 1066 oppidani
1721 1013 1834 1066 pulsi

278 1071 376 1112 inde
417 1071 462 1112 in
505 1071 689 1112 mediam
732 1071 883 1112 urbem
931 1071 983 1112 ad
1025 1071 1206 1112 alteram
1250 1070 1422 1112 tendere
1467 1084 1618 1112 arcem.
1692 1076 1734 1112 et
1776 1071 1836 1112 ibi

278 1130 409 1183 positi
443 1133 577 1183 erant,
610 1130 682 1184 qui
714 1130 827 1171 fores
860 1133 1009 1183 portae
1042 1130 1271 1171 obicerent.
1333 1130 1396 1170 ita
1428 1129 1587 1170 exclusi
1617 1129 1664 1170 in
1695 1129 1835 1171 medio

280 1188 516 1229 caeduntur
548 1189 868 1242 capiunturque.
931 1187 1213 1230 Macedonum
1240 1187 1501 1242 praesidium
1534 1188 1839 1242 conglobatum

280 1247 358 1288 sub
392 1246 501 1288 arcis
534 1261 656 1288 muro
697 1247 817 1288 stetit
854 1261 930 1288 nec
962 1247 1067 1302 fuga
1105 1246 1235 1288 effuse
1275 1246 1409 1300 petita
1446 1261 1524 1288 nec
1563 1246 1839 1300 pertinaciter

283 1306 446 1359 proelio
480 1306 601 1346 inito.
653 1320 725 1347 eos
751 1305 900 1347 Plator
926 1307 1052 1347 venia
1079 1305 1131 1347 ab
1160 1304 1347 1358 Sulpicio
1373 1305 1604 1360 impetrata
1635 1305 1678 1345 in
1710 1319 1840 1346 naves

279 1364 504 1418 impositos
537 1364 589 1405 ad
621 1363 889 1406 Demetrium
924 1364 1188 1406 Phthiotidis
1215 1365 1423 1418 exposuit,
1454 1365 1543 1417 ipse
1570 1363 1623 1405 ad
1644 1363 1840 1405 Attalum

280 1437 324 1464 se
356 1424 528 1477 recepit.
1799 1443 1802 1445 “

400 1480 611 1535 Sulpicius
643 1485 734 1523 tam
766 1482 882 1523 facili
914 1482 967 1523 ad
1000 1481 1157 1523 Oreum
1190 1495 1389 1523 successu
1421 1481 1558 1522 elatus
1591 1480 1838 1523 Chalcidem

282 1540 380 1582 inde
412 1541 608 1595 protinus
641 1541 807 1582 victrici
841 1541 975 1582 classe
1007 1541 1136 1595 petit3
1167 1540 1239 1581 ubi
1272 1540 1601 1594 haudquaquam
1635 1539 1687 1580 ad
1719 1554 1839 1593 spem

323 1680 477 1725 petenti]
500 1690 629 1722 „wenn
644 1692 730 1714 man
751 1680 891 1722 fah1·t“;
913 1679 1022 1714 Dativ

280 1727 344 1761 des
365 1727 464 1762 Part.
484 1727 692 1761 Praesentis
712 1727 773 1761 bei
788 1727 1022 1762 Ortsbestim-

279 1785 441 1818 mungen
486 1774 580 1808 nach
624 1774 893 1818 griechischem
929 1774 1023 1809 Vor-

280 1832 402 1865 gange
422 1821 481 1855 bei
495 1820 572 1855 Liv.
588 1821 715 1865 haufig
736 1822 863 1864 (sehon
878 1821 1022 1863 Caesar,

278 1867 384 1902 nicht
408 1867 496 1902 aber
523 1867 685 1912 Cicero);
714 1867 786 1912 vgl.
809 1868 868 1911 26,
896 1872 951 1910 24,
981 1872 1021 1902 11

279 1916 325 1950 ab
351 1916 498 1950 Aetolia
522 1915 724 1958 incipienti.

328 1972 363 1997 e.
390 1962 426 2005 6,
458 1966 490 1996 2.
525 1962 627 1996 urbis
652 1962 786 2007 media]
821 1961 895 2006 vgl.
930 1972 958 1995 c.
992 1965 1024 2004 5,

282 2013 325 2043 19
362 2010 485 2052 prima
520 2009 667 2043 urbium
704 2008 873 2043 Euboeae
903 2009 1026 2053 posita

280 2059 340 2090 est.
373 2055 434 2099 42,
462 2059 518 2098 58,
551 2060 570 2089 9
603 2056 741 2090 medius
772 2056 932 2090 omnium
962 2066 1026 2090 rex

281 2105 368 2137 erat.

329 2149 510 2194 cum‘culo]
528 2149 666 2193 „durch
682 2149 790 2184 einen
804 2149 1026 2184 verdeckten

283 2198 424 2241 Gang“,
451 2208 531 2230 zum
552 2197 635 2230 Abl.
659 2200 677 2238 ξ
698 2201 720 2230 4
740 2199 852 2240 porta
876 2197 1026 2231 maritu-

281 2254 359 2278 mae
384 2244 489 2278 arcis.
541 2255 569 2278 c.
598 2248 630 2286 3,
660 2247 701 2277 12
729 2244 848 2277 eadem
868 2247 989 2287 porta.

325 2290 661 2335 propugmaculum]
688 2289 937 2332 „Bollwerk“;
961 2290 1025 2324 mi-

282 2336 475 2372 litarische
509 2337 768 2382 Bezeichnung
803 2338 868 2371 der
892 2336 1026 2371 Turme

282 2384 357 2418 und
397 2383 680 2426 Aussenwerke3
725 2384 799 2428 vgl.
833 2383 899 2427 30,
933 2388 970 2427 9,
1006 2388 1027 2418 4

282 2432 380 2465 muri
400 2432 653 2473 reficiebantur
670 2431 1029 2475 propugnaculisque

283 2478 533 2512 armabantur.

331 2525 536 2570 claudebat]
590 2526 753 2569 .,sperrte
803 2525 898 2559 dam
910 2525 1026 2566 als“;

283 2571 453 2616 dagegen
479 2571 539 2605 die
569 2572 909 2617 topographischen
937 2571 1027 2606 Ver-

285 2618 466 2653 hiiltnisse
481 2619 545 2653 der
561 2618 679 2661 Stadt,
701 2619 760 2653 die
779 2619 1027 2653 unverandert

282 2665 448 2708 blieben,
481 2666 531 2699 im
565 2665 719 2700 Prusens
759 2686 801 2691 —-
840 2666 944 2700 habet
983 2686 1024 2690 -

284 2716 333 2747 est
359 2733 402 2737 —
429 2713 539 2747 ducit.

331 2763 363 2794 4.
390 2761 605 2795 maritumae
630 2760 740 2805 arcis]
771 2776 814 2788 =
840 2761 1026 2794 imminen-

285 2809 350 2840 tem
376 2808 471 2840 mari
497 2810 516 2848 ἓ
538 2811 578 2849 2;
606 2806 828 2849 „Seefeste‘z
865 2806 1026 2841 Beachte

285 2852 343 2886 die
380 2852 596 2897 viermalige
628 2853 921 2898 XViederholung
956 2864 1027 2888 von

285 2900 398 2941 arcis,
437 2911 525 2942 arx,
563 2911 697 2943 arcem,
733 2902 848 2942 arcis‚·
893 2901 1026 2935 ebenso

1098 1679 1279 1713 sechsmal
1299 1691 1379 1715 arx.
1406 1678 1442 1722 4,
1458 1684 1512 1722 61,
1528 1681 1638 1720 6-83
1660 1678 1733 1722 vgl.
1755 1679 1842 1714 urbs

1098 1737 1127 1760 c.
1160 1730 1192 1767 3,
1226 1730 1257 1760 4.

1144 1773 1401 1818 momentoque]
1453 1772 1551 1816 „und
1600 1773 1653 1806 im
1696 1773 1841 1816 Augen-

1096 1819 1238 1861 blick“;
1265 1819 1434 1865 haufiger
1459 1820 1542 1864 sagt
1563 1819 1640 1854 Liv.
1668 1821 1843 1853 momento

1097 1867 1275 1911 temporis,
1297 1867 1533 1911 vgl.c.5,17;
1555 1866 1644 1901 oder
1657 1866 1717 1908 40,
1732 1869 1786 1909 15,
1800 1869 1843 1899 14

1096 1918 1270 1948 momento
1307 1934 1350 1938 -
1396 1915 1523 1955 horae;
1563 1913 1755 1947 bisweilen
1794 1911 1844 1958 (3,

1099 1964 1162 2004 27,
1203 1963 1235 2003 7)
1269 1964 1406 2005 puncto
1444 1961 1612 2004 temporis
1655 1962 1709 2005 (so
1748 1958 1843 1994 auch

1101 2006 1252 2050 Cicero).
1302 2008 1377 2052 vgl.
1405 2007 1501 2042 Anh.

1148 2059 1178 2089 7.
1229 2055 1277 2090 ad
1326 2056 1548 2089 Demetrium
1597 2052 1842 2098 Phthiotidis]

1101 2100 1209 2136 Stadt
1245 2112 1305 2136 am
1344 2102 1444 2136 sinus
1478 2102 1704 2145 Pagasaeus,
1742 2104 1845 2134 sonst

1100 2149 1196 2183 auch
1216 2148 1376 2192 Pyrasus
1396 2150 1569 2193 genannt.
1605 2147 1843 2182 Ortsbestim-

1101 2208 1215 2240 mung
1241 2195 1356 2230 durch
1381 2195 1452 2230 den
1478 2194 1625 2229 Genitiv
1652 2194 1715 2228 des
1747 2194 1843 2227 Lan-

1100 2242 1318 2277 dernamens
1345 2242 1439 2276 nach
1463 2240 1733 2286 griechischem
1754 2239 1843 2274 Vor-

1099 2289 1217 2330 bilde;
1255 2289 1329 2332 vgl.
1358 2292 1377 2330 ξ
1407 2293 1447 2322 12
1482 2289 1623 2333 Cynum
1661 2287 1842 2323 Locridis.

1099 2335 1160 2377 27,
1186 2340 1242 2377 30,
1271 2340 1288 2370 7
1319 2335 1522 2370 Chalcidem
1547 2335 1727 2370 Euboeae.

1148 2386 1180 2417 8.
1208 2383 1292 2417 imle
1312 2383 1500 2427 protinus]
1529 2393 1623 2424 „von
1644 2382 1728 2416 dort
1748 2381 1843 2416 ohne

1100 2429 1368 2470 Aufenthalt“;
1425 2430 1595 2474 protinus
1643 2428 1735 2462 wird
1785 2439 1844 2462 am

1101 2477 1311 2522 haufigsten
1337 2477 1406 2510 mit
1430 2477 1516 2511 inde
1534 2476 1610 2510 und
1629 2475 1760 2510 Verbis
1779 2475 1845 2508 der

1100 2523 1312 2568 Bewegung
1382 2523 1617 2566 verbunden,
1691 2522 1843 2556 letztere

1100 2570 1230 2605 stehen
1251 2569 1355 2604 nicht
1372 2570 1490 2605 selten
1509 2571 1559 2604 im
1574 2567 1740 2612 Particip
1754 2568 1843 2602 oder

1100 2618 1181 2652 Abl.
1205 2617 1408 2652 absolutus.
1436 2617 1509 2662 vgl.
1526 2629 1554 2652 c.
1574 2621 1626 2659 13,
1643 2620 1665 2649 4
1685 2615 1730 2650 ab
1754 2614 1841 2649 Tar—

1099 2675 1231 2699 racone
1261 2665 1447 2709 profectus
1475 2664 1645 2708 protinus
1684 2681 1726 2686 —
1759 2672 1842 2705 per-

1099 2713 1205 2746 venit.
1258 2723 1287 2746 c.
1318 2716 1370 2754 16,
1400 2715 1452 2746 10.
1492 2710 1551 2752 22,
1577 2713 1633 2751 50,
1662 2713 1701 2743 11
1738 2714 1843 2752 atque

1099 2759 1185 2793 inde
1207 2760 1385 2803 protinus,
1435 2757 1509 2801 vgl.
1535 2758 1568 2792 d.
1595 2756 1689 2791 Anh.

1149 2806 1197 2840 acl
1221 2816 1315 2850 spem
1349 2825 1390 2829 —
1424 2803 1623 2847 respondit]
1659 2804 1751 2836 statt
1776 2802 1845 2836 mit

1101 2853 1150 2887 ad
1189 2852 1350 2887 dieselbe
1390 2851 1587 2895 Wendung
1623 2849 1693 2884 mit
1734 2848 1844 2883 Dativ

1102 2900 1137 2942 1,
1175 2903 1231 2941 45,
1272 2903 1288 2932 7
1334 2902 1374 2932 ut
1406 2898 1576 2942 prodiyio
1620 2897 1845 2940 responderet
