1953 3278
188 377 238 412 22

214 1095 234 1123 ει
261 1080 574 1122 interfecerant.

258 152 314 193 48

258 260 383 301 ravit.

714 149 858 184 LIBER
883 148 1049 184 XXVIII.
1094 149 1197 184 CAP.
1224 154 1280 186 21,
1307 153 1362 184 2-2.

1659 166 1683 184 a.
1703 166 1731 184 u.
1751 160 1813 186 548.

451 259 549 300 huic
591 256 879 311 gladiatorum
919 256 1160 310 spectaculo
1203 256 1292 298 ludi
1329 257 1529 299 funebres
1568 256 1702 298 additi
1742 271 1819 310 pro

259 318 383 372 copia
415 315 669 372 provinciali
700 317 742 355 et
774 315 982 356 castrensi
1013 317 1235 368 apparatu.

377 377 461 417 Res
493 374 667 415 interim
698 373 834 415 nihilo
866 374 1007 414 minus
1038 373 1090 414 ab
1117 373 1272 428 legatis
1299 373 1568 428 gerebantur.

1629 373 1815 415 Marcius

261 436 460 490 superato
506 432 641 474 Baete
685 433 820 487 amni,
871 446 996 486 quem
1040 432 1205 473 incolae
1238 430 1400 472 Certim
1432 433 1668 487 appellant,
1715 432 1819 474 duas

213 502 232 531 ‘2
260 493 484 547 opulentas
506 491 702 533 civitates
724 492 814 532 sine
836 490 1067 532 certamine
1087 491 1133 531 in
1153 489 1415 531 deditionem
1435 491 1609 545 accepit.
1656 492 1820 545 Astapa

259 552 360 593 urbs
394 553 497 605 erat,
530 548 949 604 Carthaginiensium
980 563 1146 603 semper
1183 549 1337 603 partis3
1375 563 1510 602 neque
1549 550 1592 590 id
1628 552 1718 591 tam
1760 550 1820 591 di-

259 623 392 665 gnum
419 610 484 651 ira
516 612 620 663 erat,
652 623 780 664 quam
812 608 926 663 quod
953 610 1073 650 extra
1098 608 1376 649 necessitates
1409 607 1511 648 belli
1543 608 1819 662 praecipuum

212 682 231 711 3
259 669 303 710 in
334 668 554 710 Romanos
595 668 804 722 gerebant
837 667 993 709 odium.

1054 681 1132 708 nec
1164 667 1313 708 urbem
1352 669 1426 707 aut
1459 666 1545 707 situ
1583 668 1657 707 aut
1687 667 1822 708 muni-

259 730 405 768 mento
432 731 571 768 tutam
597 727 831 780 habebant,
864 740 972 781 quae
998 724 1226 767 ferociores
1258 726 1309 766 iis
1343 725 1508 766 animos
1538 724 1716 779 faceret3
1749 724 1822 766 sed

259 786 435 841 ingenia
466 786 702 827 incolarum
734 785 960 826 latrocinio
985 785 1111 838 laeta,
1143 787 1192 825 ut
1217 784 1491 826 excursiones
1522 784 1566 824 in
1592 783 1822 824 finitimum

262 859 414 900 agrum
448 844 661 886 sociorum
693 844 843 897 populi
868 843 1053 885 Romani
1080 844 1280 896 facerent,
1312 843 1585 897 impulerant,
1617 845 1660 883 et
1685 855 1820 897 vagos

213 917 234 946 4
262 904 419 945 milites
451 902 672 944 Romanos
705 902 899 956 lixasque
939 905 980 943 et
1010 904 1267 943 mercatores
1301 902 1555 956 exciperent.

1618 914 1822 956 magnum

263 963 392 1004 etiam
438 962 708 1015 comitatum,
760 961 861 1014 quia
904 960 1050 1014 paucis
1095 974 1247 1014 parum
1291 963 1432 1001 tutum
1477 960 1633 1013 fuerat,
1683 963 1822 1001 trans-

263 1021 527 1076 gredientem
577 1021 682 1062 fines
732 1019 884 1073 positis
934 1018 1102 1061 insidiis
1155 1019 1490 1060 circumventum
1534 1019 1681 1073 iniquo
1729 1019 1822 1060 loco

650 1078 703 1120 ad
746 1078 857 1120 hanc
908 1079 1056 1120 urbem
1108 1078 1440 1132 oppugnandam
1485 1092 1580 1118 cum
1626 1077 1823 1118 admotus

264 1140 473 1181 exercitus
506 1140 631 1192 esset,
663 1138 868 1191 oppidani
894 1136 1157 1179 conscientia
1187 1136 1407 1191 scelerum,
1438 1137 1537 1190 quia
1561 1149 1638 1177 nec
1665 1135 1824 1177 deditio

262 1201 356 1240 tuta
385 1198 437 1240 ad
464 1201 554 1239 tam
580 1197 760 1238 infestos
788 1196 1024 1251 videbatur,
1054 1209 1192 1249 neque
1220 1209 1316 1248 spes
1343 1195 1567 1236 moenibus
1595 1197 1669 1235 aut
1695 1194 1825 1235 armis

261 1257 443 1298 tuendae
485 1256 634 1297 salutis
674 1258 784 1310 erat,
821 1255 989 1297 facinus
1028 1254 1073 1295 in
1111 1268 1154 1295 se
1194 1268 1242 1295 ac
1274 1268 1373 1295 suos
1404 1253 1576 1295 foedum
1609 1267 1657 1294 ac
1687 1252 1825 1294 ferum

309 1361 388 1395 Iudi
419 1360 601 1404 funebres]
636 1360 688 1395 sie
721 1359 802 1394 sind
828 1369 900 1393 von
933 1358 1004 1392 den

263 1408 446 1452 Kampfen
472 1407 710 1442 bewaffneter
730 1406 887 1441 Fechter
910 1405 1004 1439 auch

261 1455 326 1498 23,
361 1459 422 1498 30,
457 1458 500 1489 15
539 1455 641 1489 ludos
683 1455 852 1496 funebres
891 1473 933 1477 —
973 1455 1005 1486 et

261 1503 507 1547 φῖαιίίαῖονιιυι
529 1503 644 1546 paria
663 1502 735 1536 (Iao
756 1504 788 1535 et
807 1500 940 1544 viqmti
960 1520 1003 1524 -

262 1550 437 1584 dederunt
469 1548 692 1593 geschieden
723 1548 799 1582 und
824 1547 923 1582 wohl
950 1547 1004 1581 als

262 1597 425 1641 weniger
457 1595 600 1640 blutige
619 1594 877 1639 WVettkampfe
904 1594 1004 1638 (Rin-

262 1654 352 1724 gep,
390 1643 595 1685 Schiessen,
630 1642 771 1677 Laufen
796 1654 830 1676 u.
856 1642 903 1685 a.)
931 1642 1007 1676 auf-

265 1703 307 1724 ZU
325 1701 438 1724 aSSen.

307 1748 378 1781 pro
399 1738 505 1781 copia
525 1737 752 1781 provinciali
777 1740 808 1771 et
834 1735 1009 1770 castrensi

264 1785 467 1829 apparat-u]
501 1783 793 1828 „entsprechend
826 1783 897 1817 den
923 1782 1008 1816 Mit—

264 1833 342 1866 toln
357 1832 458 1866 einer
471 1831 627 1866 Provinz
646 1830 721 1865 und
743 1830 808 1864 der
827 1830 877 1863 im
890 1830 1009 1874 Lager

264 1879 476 1923 moglichen
503 1879 747 1923 Zur-fistung.“
787 1876 867 1911 Liv.
894 1876 1010 1911 denkt

266 1937 313 1960 an
332 1925 392 1960 die
414 1925 537 1970 Spicle
559 1925 706 1960 seiner
727 1924 816 1967 Zeit,
838 1935 895 1959 wo
915 1924 1008 1958 Rom

265 1973 324 2007 die
350 1973 553 2008 Provinzen
580 1972 675 2007 auch
705 1971 743 2006 in
777 1971 895 2005 dieser
920 1970 1008 2005 Hin-

266 2019 363 2054 sicht
418 2019 629 2054 bedeutend
685 2018 871 2063 fibe1·traf;
933 2018 1008 2062 vgl.

265 2066 330 2108 26,
360 2071 420 2110 11,
447 2072 466 2102 9
496 2077 566 2111 pro
598 2067 712 2110 copia.
747 2086 790 2091 —
827 2064 1009 2110 Ubrigens

265 2113 483 2148 bezeichnct
497 2114 602 2157 copia
617 2114 720 2147 sonst
734 2113 844 2147 meist
863 2112 1009 2155 „reiche

265 2160 413 2196 Mittel“
440 2160 515 2194 und
542 2163 745 2204 apparatus
771 2160 916 2204 „grosse
942 2160 1008 2194 Zu-

266 2209 463 2252 1·iistung“;
478 2207 585 2242 beide
594 2207 722 2241 Worte
736 2206 880 2241 werden
894 2206 1009 2240 daher

266 2255 380 2289 durch
421 2255 662 2299 provincialis
705 2253 778 2287 und
818 2254 1010 2289 castrensis

266 2301 498 2336 modificiert.

314 2382 349 2407 e.
384 2371 558 2406 22—23.
610 2371 877 2416 Eroberung
926 2381 1010 2405 von

266 2418 447 2463 Astapa.

314 2481 345 2514 2.
367 2477 528 2523 Astapa]
543 2488 627 2512 vom
643 2476 768 2512 Baetis
783 2477 927 2511 sfidlich
948 2487 1010 2521 ge-

268 2525 388 2570 legen,
410 2525 506 2569 jetzt
525 2525 673 2569 Estepa,
700 2524 839 2559 unweit
856 2524 1011 2559 Ossuna.

315 2587 419 2618 eoetra
438 2585 662 2618 necessitates
683 2583 780 2628 belli]
803 2582 924 2618 ausser
939 2583 1010 2617 den

267 2630 565 2666 Erfordernissen
602 2630 665 2666 des
701 2630 873 2675 Krieges,
913 2630 946 2665 d.
974 2630 1008 2664 h.

268 2678 405 2721 „iiber
443 2678 507 2712 das
542 2678 661 2713 einem
699 2677 837 2712 Feinde
874 2687 1008 2721 gegen-

267 2726 359 2759 iiber
379 2725 640 2760 erforderliche
655 2724 792 2767 Mass“;
813 2727 915 2759 eoetra
935 2724 1009 2758 und

268 2776 481 2816 extraquam
506 2772 622 2807 findet
643 2772 721 2806 sich
743 2771 944 2806 mehrrnals
967 2788 1009 2800 =

267 2829 380 2862 supra
400 2819 474 2853 und
495 2830 735 2863 supraquam3
760 2819 834 2863 vgl.
856 2819 890 2862 8,
911 2822 968 2862 32,
989 2822 1009 2853 8

269 2870 373 2899 ecctra
398 2877 437 2899 ea
466 2883 509 2894 =
537 2866 695 2901 darfiber
720 2866 860 2901 hinaus.

317 2916 348 2946 3.
375 2913 568 2947 latrocinio
600 2913 711 2957 laeta]
744 2925 806 2947 zur
837 2912 1006 2947 Bezeich-

1078 1369 1178 1402 nung
1228 1357 1328 1392 einer
1378 1356 1611 1402 geistigen
1658 1354 1824 1401 Eigen-

1078 1404 1245 1448 schaft,
1262 1403 1402 1448 infolge
1415 1403 1689 1448 derenjemand
1703 1404 1822 1442 stete

1078 1463 1125 1486 an
1157 1452 1258 1486 einer
1289 1452 1406 1486 Sache
1432 1452 1574 1485 Frende
1607 1450 1739 1493 findet,
1773 1450 1824 1484 ist

1078 1500 1192 1534 laetas
1203 1498 1445 1541 dichterisch3
1463 1497 1615 1544 ahplich
1628 1497 1678 1531 ist
1691 1496 1750 1540 29,
1762 1500 1794 1540 6,
1803 1500 1823 1531 3

1077 1550 1184 1590 rapto
1215 1547 1427 1590 quatientes,
1458 1545 1524 1588 22,
1552 1549 1589 1588 9,
1617 1548 1637 1579 5
1664 1544 1822 1588 popula>-

1078 1594 1238 1628 tionibus
1259 1594 1374 1638 massis
1399 1604 1506 1637 quam
1526 1592 1598 1626 otio
1618 1595 1683 1625 aut
1702 1592 1823 1635 requie

1081 1641 1334 1685 yaucleutz'bus.

1128 1692 1161 1722 4.
1200 1698 1371 1731 magnum
1420 1685 1642 1730 comitiatum]
1695 1685 1826 1727 „einen

1081 1734 1230 1779 grossen
1257 1734 1497 1777 'l‘ransport“,
1530 1732 1649 1767 wobei
1678 1731 1738 1766 die
1763 1732 1825 1766 be-

1081 1781 1296 1826 gleitenden
1313 1781 1489 1816 Soldaten
1510 1780 1569 1814 die
1588 1779 1825 1823 Hauptsache

1083 1828 1164 1862 sind
1191 1828 1278 1872 (vgl.
1299 1828 1466 1872 paucis),
1500 1829 1602 1861 sonst
1628 1826 1728 1860 steht
1760 1825 1825 1860 der

1081 1875 1220 1918 Plural,
1247 1875 1319 1920 vgl.
1337 1887 1365 1910 c.
1381 1879 1414 1917 4,
1430 1879 1448 1909 7
1469 1874 1594 1918 mayni
1614 1876 1827 1908 commeatus

1080 1923 1273 1965 frumeuti3
1307 1923 1371 1956 der
1404 1920 1578 1966 Singular
1609 1919 1676 1962 32,
1709 1923 1772 1962 39,
1805 1923 1824 1954 7

1081 1970 1231 2004 Attalus
1257 1980 1337 2004 eum
1361 1969 1459 2013 regio
1485 1968 1658 2002 comitatu
1684 1983 1728 1995 =
1755 1967 1824 2002 Ge-

1082 2017 1194 2061 folge.

1130 2068 1161 2098 5.
1189 2064 1324 2098 deditio
1343 2083 1388 2088 —-
1409 2062 1456 2097 ad
1479 2066 1553 2096 tam
1573 2061 1736 2105 infestos]
1763 2071 1826 2105 ge-

1082 2111 1271 2145 wohnlich
1297 2111 1421 2145 dedere
1446 2120 1481 2144 sc
1501 2109 1630 2151 alicu&
1657 2107 1715 2142 die
1737 2107 1825 2141 Pra-

1081 2156 1574 2203 positionalumschreibung
1618 2154 1825 2198 entspricht

1083 2205 1188 2240 mehr
1217 2205 1281 2239 der
1314 2202 1631 2247 Vulgarsprache3
1664 2201 1738 2245 vgl.
1766 2200 1826 2245 27,

1086 2256 1140 2295 15,
1163 2256 1183 2286 2
1205 2253 1259 2286 ad
1287 2251 1326 2295 Q.
1349 2250 1524 2284 Fulvium
1545 2269 1587 2273 —
1610 2249 1827 2283 dediderunt

1081 2309 1169 2341 sese;
1205 2298 1275 2332 mit
1299 2298 1382 2332 dem
1411 2295 1625 2331 Substantiv
1653 2295 1713 2339 24,
1743 2299 1778 2338 1,
1805 2298 1826 2330 8

1082 2346 1123 2389 fit
1149 2347 1197 2381 ad
1223 2345 1360 2380 Poenos
1385 2344 1529 2379 deditio.

1129 2393 1278 2436 facinus
1298 2412 1340 2416 —
1367 2392 1511 2434 foedum
1538 2400 1580 2424 ac
1605 2389 1740 2434 ferum]
1767 2387 1826 2423 die

1083 2439 1340 2474 Allitteration
1388 2439 1453 2472 der
1495 2436 1692 2481 Adjectiva
1735 2435 1826 2470 wird

1084 2487 1198 2521 durch
1220 2487 1368 2529 facinus
1388 2485 1483 2520 noch
1504 2483 1724 2530 gesteigert3
1745 2482 1825 2516 der-

1085 2534 1212 2568 selben
1232 2533 1437 2578 cntspricht
1455 2531 1515 2566 die
1535 2528 1826 2566 allitterierende

1082 2580 1343 2626 Verbindung:
1374 2581 1464 2614 inse
1489 2589 1532 2614 ac
1557 2587 1660 2613 suos
1679 2597 1723 2601 —
1744 2586 1826 2610 con-

1083 2629 1274 2663 sciscunt.
1332 2627 1406 2671 vgl.
1440 2625 1499 2661 bei
1532 2624 1671 2659 Sallust
1700 2623 1828 2666 foedus

1084 2679 1189 2720 atque
1213 2675 1486 2719 formidolosus,
1515 2671 1576 2707 bei
1603 2670 1728 2705 Cicero
1754 2670 1827 2712 foe-

1084 2724 1152 2757 dus
1187 2734 1231 2757 ac
1267 2722 1485 2766 flccyitiosus3
1525 2718 1594 2753 mit
1631 2716 1829 2752 bewusster

1083 2769 1337 2804 Allitteration
1387 2769 1436 2802 ist
1479 2765 1577 2800 wohl
1623 2764 1716 2799 auch
1762 2763 1826 2798 das

1083 2815 1317 2851 Livianische
1348 2814 1469 2857 foedia
1501 2816 1607 2856 atquc
1637 2811 1828 2854 difformia

1083 2865 1251 2944 leffedcisset
1276 2862 1343 2903 27,
1369 2865 1431 2904 31,
1459 2864 1489 2895 5.
1535 2859 1600 2902 31,
1630 2862 1690 2902 12,
1717 2861 1738 2892 8
1765 2869 1827 2901 ge-

1108 2911 1134 2944 51
1165 2911 1210 2945 et.
