1953 3278
246 141 271 182 8
715 138 861 174 LIBER
886 138 1052 173 XXVIII.
1105 138 1206 176 CAP.
1234 144 1264 175 3.
1292 145 1323 175 4.

1641 159 1667 178 a.
1691 160 1719 177 u.
1739 154 1800 179 547.

177 258 219 288 13
245 261 322 290 nec
366 261 486 289 secus
531 259 657 300 quam
698 244 876 286 adversa
914 245 1026 286 acies
1064 246 1192 300 caesi3
1237 247 1467 302 eademque
1510 253 1636 304 porta
1675 251 1800 305 signa

199 951 223 987 4

204 1608 224 1637 5

246 307 403 348 infesta
446 305 539 346 urbi
583 303 731 344 inlata.

800 305 843 344 et
881 303 977 344 aliis
1022 304 1217 358 partibus
1259 307 1475 348 securibus
1521 308 1798 363 dolabrisque

247 365 530 406 caedebantur
557 364 598 402 et
623 361 969 416 refringebantur
1000 365 1162 416 portae,
1195 366 1248 415 et,
1280 366 1328 405 ut
1359 366 1536 419 quisque
1562 367 1800 409 intraverat

247 437 386 477 equeS,
419 421 471 462 ad
503 420 643 462 forum
677 420 970 474 occupandum
997 445 1052 450 —
1079 421 1139 462 ita
1173 422 1286 462 enim
1317 426 1590 477 praeceptum
1621 429 1713 467 erat
1747 451 1796 456 —

177 492 221 522 14
247 482 377 523 citato
430 494 537 533 equo
588 479 818 533 pergebat3
877 479 1068 520 additum
1118 482 1405 522 caetratorum
1454 483 1587 536 equiti
1643 485 1801 538 praesi-

247 540 380 592 dium3
419 537 645 592 legionarii
678 540 840 579 ceteras
873 538 1007 592 partis
1040 538 1157 580 urbis
1197 538 1453 593 pervadunt3
1493 540 1727 595 direptione
1760 545 1802 585 et

247 597 373 639 caede
414 597 656 649 obviorum,
700 597 785 637 nisi
830 597 901 651 qui
941 597 1071 638 armis
1111 611 1155 638 se
1196 597 1446 651 tuebantur,
1491 599 1803 642 abstinuerunt.

179 667 220 696 15
247 655 625 710 Carthaginienses
665 669 812 696 omnes
850 656 895 696 in
932 655 1169 697 custodiam
1209 656 1296 697 dati
1337 659 1452 710 sunt,
1491 658 1803 711 oppidanorum

248 729 416 769 quoque
449 714 630 755 trecenti
661 714 807 766 ferme,
839 714 912 767 qui
939 715 1183 755 clauserant
1213 718 1380 769 portas,
1414 716 1573 757 ceterisv
1597 717 1804 759 traditum

179 783 220 814 16
247 773 470 828 oppidum,
510 787 609 814 suae
642 772 832 814 redditae
863 787 943 814 res.

245 833 361 874 tione
405 831 595 873 hostium
643 831 724 873 duo
769 831 890 872 milia
934 830 1084 885 ferme,
1128 831 1420 874 Romanorum
1465 833 1579 874 haud
1623 835 1805 889 amplius

248 891 499 945 nonaginta.

1007 773 1192 814 cecidere
1231 775 1276 814 in
1312 774 1430 815 urbis
1464 775 1552 815 eius
1587 789 1804 830 oppugna·

367 949 501 990 Laeta
527 952 569 990 et
601 949 718 1002 ipsis,
751 949 823 1002 qui
849 962 939 989 rem
967 962 1147 1004 gessere,
1173 949 1291 990 urbis
1319 950 1406 991 eius
1434 951 1695 1006 expugnatio
1722 951 1808 993 fuit

248 1011 291 1049 et
315 1008 564 1062 imperatori
591 1010 814 1061 ceteroque
841 1008 1065 1061 exercitui3
1095 1011 1137 1048 et
1163 1008 1400 1062 speciosum
1427 1009 1655 1050 adventum
1683 1024 1805 1051 suum

200 1076 220 1107 2
248 1068 468 1122 ingentem
499 1067 670 1108 turbam
698 1066 966 1120 captivorum
997 1080 1098 1120 prae
1132 1081 1175 1107 se
1202 1069 1378 1121 agentes
1410 1067 1612 1109 fecerunt.
1664 1067 1806 1123 Scipio

249 1126 504 1168 conlaudato
537 1126 680 1178 fratre,
714 1140 822 1179 cum,
853 1128 1014 1179 quanto
1047 1128 1219 1179 poterat
1250 1125 1475 1167 verborum
1509 1126 1682 1180 honore,
1708 1126 1806 1169 Car·

200 1194 222 1225 3
248 1184 418 1239 thagini
456 1185 508 1226 ab
543 1199 586 1226 se
619 1186 768 1238 captae
800 1186 970 1238 captam
1008 1184 1061 1225 ab
1094 1198 1144 1226 eo
1179 1183 1386 1239 Orongim
1421 1187 1668 1239 aequasset,
1708 1186 1809 1240 quia

249 1246 292 1284 et
322 1244 459 1284 hiems
490 1243 693 1296 instabat,
719 1245 768 1283 ut
791 1257 868 1284 nec
894 1245 1107 1297 temptare
1135 1242 1265 1284 Gadis
1291 1257 1370 1285 nec
1395 1243 1619 1285 disiectum
1645 1245 1809 1298 passim

248 1316 325 1356 per
368 1302 633 1356 provinciam
679 1301 908 1343 exercitum
953 1301 1237 1343 Hasdrubalis
1275 1302 1510 1343 consectari
1554 1305 1719 1356 posset,
1763 1303 1808 1343 in

201 1370 223 1400 4
250 1361 489 1402 citeriorem
522 1360 779 1415 Hispaniam
813 1361 952 1402 omnis
992 1375 1090 1402 suas
1124 1361 1270 1414 copias
1309 1361 1494 1414 reduxit,
1533 1361 1808 1415 dimissisque

249 1420 293 1461 in
337 1420 518 1461 hiberna
562 1420 824 1474 legionibus,
867 1419 912 1461 L.
945 1418 1143 1474 Scipione
1187 1419 1318 1461 fratre
1362 1419 1546 1461 Romam
1591 1421 1722 1462 misso
1768 1424 1812 1461 et

251 1477 466 1520 Hannone
497 1479 689 1535 hostium
721 1479 979 1532 imperatore
1007 1479 1240 1532 ceterisque
1266 1478 1483 1520 nobilibus
1511 1480 1692 1532 captivis
1719 1480 1812 1533 ipse

251 1537 538 1579 Tarraconem
572 1537 793 1579 concessit.

369 1595 534 1637 Eodem
568 1611 679 1637 anno
713 1595 859 1637 classis
880 1595 1076 1637 Romana
1108 1610 1203 1637 cum
1229 1594 1284 1636 M.
1304 1594 1478 1637 Valerio
1500 1595 1686 1637 Laevino
1713 1611 1809 1650 pro-

252 1654 425 1697 consule
463 1669 513 1696 ex
547 1653 693 1696 Sicilia
731 1655 775 1695 in
808 1654 999 1695 Africam
1037 1655 1292 1695 transmissa
1330 1655 1371 1695 in
1406 1653 1597 1696 Uticensi
1632 1653 1811 1696 Cartha-

252 1714 522 1768 giniensique
573 1727 678 1768 agro
728 1714 813 1754 late
863 1714 1165 1768 populationes
1214 1713 1326 1755 fecit.

251 1865 485 1909 incompertus
510 1864 760 1906 „unbekannt,
786 1863 892 1898 nicht
910 1863 996 1898 fest-

253 1911 439 1956 gestellt“,
466 1911 582 1946 findet
607 1911 686 1946 sich
708 1910 813 1946 nicht
831 1922 898 1946 vor
917 1910 995 1945 Liv.

253 1959 327 2002 vgl.
355 1958 390 2002 4,
416 1962 473 2001 23,
501 1962 532 1993 3.
561 1958 620 2002 10,
646 1962 702 2002 40,
733 1962 785 1992 10.
818 1958 853 2002 9,
874 1962 930 2003 26,
954 1961 996 1993 15

253 2006 445 2050 quicquam
473 2006 734 2048 ineonpertmn.

301 2063 365 2086 nec
398 2063 496 2087 secus
529 2053 654 2098 quam]
686 2052 763 2086 Liv.
798 2053 882 2096 sagt
917 2064 997 2086 nur

253 2099 372 2133 haud
396 2109 496 2133 secus
527 2099 601 2133 und
633 2098 721 2134 lasse
753 2100 901 2142 darauf,
927 2099 996 2134 wie

255 2146 350 2181 auch
382 2146 442 2181 bei
468 2146 581 2187 alius,
617 2147 740 2188 aliter,
773 2147 864 2180 stets
891 2157 998 2190 quam

255 2193 399 2237 folgen3
425 2194 498 2237 vgl.
521 2205 550 2228 c.
575 2198 629 2237 15,
651 2197 682 2228 6.
710 2197 766 2236 32,
786 2198 818 2229 4.
845 2197 901 2236 37,
923 2197 942 2227 6
963 2205 996 2227 u.

256 2239 289 2274 d.
317 2240 410 2275 Anh.

306 2290 359 2320 14.
381 2287 638 2332 caetratorum]
661 2285 998 2321 leichtbewaffnete

256 2333 491 2378 hispanische
530 2335 800 2379 Hiilfstruppen
845 2334 902 2367 fur
941 2335 999 2368 ein

255 2381 404 2415 rasches
448 2381 646 2425 Vorgehen
695 2381 884 2426 geeignet;
935 2381 999 2415 das

255 2427 448 2471 langsame
476 2427 691 2462 Vorrficken
721 2428 785 2462 der
811 2427 1001 2463 schweren

257 2475 452 2519 leyionarii
477 2475 695 2510 bezeichnet
717 2476 934 2519 pervadunt.

940 2568 1001 2603 die

257 2615 387 2650 Worte
431 2615 556 2650 bilden
600 2615 671 2649 den
710 2616 915 2660 Gegensatz
958 2628 1001 2650 zu

257 2663 360 2706 ipsis,
385 2663 449 2706 qui
473 2674 545 2697 rem
571 2673 715 2708 yessere,
742 2663 816 2697 und
836 2662 1001 2698 bezeich-

258 2719 330 2743 nen
356 2709 428 2744 den
448 2709 538 2744 Rest
558 2710 620 2744 des
640 2710 788 2753 Heeres,
815 2710 879 2744 der
898 2709 1003 2744 nicht

258 2755 431 2800 beteiligt
456 2767 627 2801 gewesen
652 2768 738 2793 war.

306 2804 504 2846 speciosum
523 2824 566 2828 —
587 2804 763 2849 fecerunt]
792 2816 860 2847 „zu
889 2804 1003 2838 etwas

258 2849 443 2884 machen“
476 2850 514 2884 in
549 2849 793 2896 Verbindung
825 2850 896 2885 mit
925 2851 1000 2884 Ad—

256 2894 447 2940 jektiven,
486 2897 620 2932 driickt
657 2897 735 2933 Liv.
774 2909 842 2932 nur
885 2897 1001 2932 durch

305 2567 347 2609 4,
389 2572 419 2603 1.
471 2571 650 2613 ceteroque
698 2568 889 2614 exercitui]

1401 1714 1601 1754 extremis
1651 1714 1810 1755 finibus

1069 1864 1187 1906 faeere
1207 1863 1295 1898 oder
1320 1864 1457 1906 efficere
1477 1875 1558 1905 aus;
1585 1864 1659 1908 vgl.
1675 1876 1704 1899 o.
1720 1867 1754 1906 8,
1770 1868 1815 1898 14

1068 1922 1125 1946 res
1151 1911 1371 1955 tranquillas
1396 1931 1439 1935 —
1465 1911 1608 1953 fecerat.

1118 1962 1149 1992 3.
1171 1958 1359 1992 disiectmn
1374 1958 1531 2003 passim]
1554 1959 1813 2003 „zersprengff‘

1070 2006 1160 2040 stets
1175 2016 1247 2039 von
1267 2005 1533 2049 gewaltsamen
1547 2005 1812 2049 Handlungen3

1070 2053 1144 2096 vgl.
1171 2052 1231 2095 21,
1258 2056 1314 2094 49,
1341 2056 1360 2086 5
1388 2055 1608 2096 tempestate,
1639 2064 1712 2096 qua
1742 2053 1814 2095 ipsi

1069 2099 1211 2134 disiecti
1229 2099 1356 2142 forent.
1385 2099 1522 2142 24,2‚9
1544 2099 1613 2133 late
1632 2099 1814 2133 moenibus

1071 2147 1239 2181 disiectis.
1273 2145 1331 2187 24,
1351 2149 1406 2187 33,
1423 2149 1454 2179 9.
1475 2144 1535 2189 25,
1553 2149 1583 2188 1,
1603 2148 1645 2179 10
1665 2146 1814 2180 disicere

1071 2197 1286 2237 apparatus.
1314 2192 1374 2235 27,
1397 2197 1450 2234 16,
1472 2195 1492 2226 8
1518 2203 1644 2227 murus
1669 2193 1815 2227 dirutus

1072 2251 1115 2274 ac
1140 2240 1318 2274 disiectus.
1364 2239 1429 2282 25,
1459 2243 1518 2283 11,
1548 2244 1599 2274 10.
1634 2249 1662 2273 c.
1695 2243 1753 2283 14,
1782 2242 1813 2273 3.

1071 2286 1137 2327 30,
1168 2291 1225 2328 19,
1254 2290 1284 2321 5.
1319 2297 1348 2320 c.
1377 2290 1439 2329 24,
1468 2290 1497 2320 7.
1533 2297 1561 2322 c.
1590 2290 1650 2325 39,
1679 2289 1698 2320 2
1725 2298 1760 2320 u.
1782 2296 1813 2321 0.

1072 2333 1132 2376 23,
1153 2337 1208 2375 41,
1231 2337 1250 2367 9
1268 2334 1406 2377 passim
1426 2334 1577 2368 disiecit.
1607 2345 1690 2367 zum
1710 2332 1816 2368 Pleo-

1073 2391 1221 2415 nasmus
1248 2392 1274 2414 c.
1299 2384 1330 2423 3,
1355 2384 1384 2414 1.

1121 2431 1153 2461 5.
1187 2438 1266 2462 cum
1297 2427 1352 2462 M.
1383 2426 1543 2471 Valerio]
1578 2427 1711 2470 „unter
1742 2427 1816 2460 An·

1074 2474 1236 2518 tiihrung
1267 2474 1331 2508 des
1365 2474 1412 2507 M.
1442 2473 1651 2517 Valerius“;
1685 2483 1724 2508 so
1755 2472 1816 2507 bei

1073 2521 1151 2555 Liv.
1172 2521 1376 2565 mehr-sach,
1402 2520 1728 2566 entgegengesetzt
1751 2519 1816 2554 der

1074 2569 1278 2603 deutschen
1320 2567 1564 2612 Anffassung3
1609 2567 1680 2611 vgl.
1721 2564 1813 2611 μετὰ

1075 2627 1103 2650 c.
1132 2614 1284 2659 genitiv.
1333 2615 1393 2658 21,
1420 2618 1476 2656 47,
1503 2619 1522 2649 6
1549 2625 1629 2648 eum
1656 2613 1816 2657 Magone

1075 2663 1206 2707 equites
1233 2682 1275 2687 —
1300 2662 1525 2706 praemissos

1123 2710 1290 2744 extremis
1319 2708 1470 2753 finibus]
1504 2718 1550 2741 an
1582 2706 1648 2741 der
1676 2706 1814 2741 Grenze

1076 2756 1141 2791 des
1161 2756 1363 2801 eigentlich
1383 2753 1670 2798 karthagischen
1692 2753 1814 2788 Stadt-

1076 2803 1262 2848 gebietes‚
1295 2813 1350 2837 wo
1384 2801 1553 2836 dasselbe
1580 2811 1627 2834 an
1653 2800 1718 2835 das
1746 2800 1815 2833 uti-

1077 2849 1265 2885 censische
1297 2847 1414 2890 stiess,
1448 2851 1551 2881 4—5
1579 2846 1714 2882 Meilen
1743 2858 1815 2881 von

1076 2896 1269 2941 Karthago
1296 2895 1467 2930 entfernt.
