1953 3278
237 139 291 183 88
729 142 873 176 LIBER
896 141 1061 176 XXVIII.
1106 142 1207 177 CAP.
1234 146 1288 177 40.
1622 160 1648 177 a.
1671 161 1700 178 u.
1720 154 1786 180 54⁴3.

238 252 404 291 saretur
438 249 564 305 *sid
598 249 825 290 consilium
851 249 1180 303 haudquaquam
1206 250 1463 303 primoribus
1488 254 1659 305 patrum
1692 266 1789 293 cum

237 309 425 363 placeret
474 311 516 348 et
565 307 694 348 ceteri
743 321 818 361 per
867 310 1028 348 metum
1079 310 1152 349 aut
1202 309 1479 351 ambitionem
1535 313 1791 365 mussarent,

239 366 286 416 Q.
319 366 474 407 Fabius
507 365 720 407 Maximus
752 369 930 420 rogatus
963 367 1238 408 sententiam:
1276 367 1390 420 „scio
1422 368 1566 411 multis
1600 372 1788 411 vestrum

192 441 200 466 .·
240 425 386 477 videri,
417 426 560 478 patres
587 425 832 479 conscripti,
856 439 945 466 rem
973 427 1112 466 actam
1133 425 1340 467 hodierno
1367 426 1434 467 die
1454 427 1536 482 agi,
1563 431 1606 470 et
1628 428 1790 469 frustra

238 483 484 525 habiturum
522 484 778 538 orationem,
816 484 889 538 qui
925 487 1145 539 tamquam
1184 484 1234 525 de
1272 484 1440 538 integra
1477 499 1522 526 re
1559 487 1609 528 de
1641 487 1790 528 Africa

237 541 456 596 provincia
483 543 740 584 sententiam
767 543 931 585 dixerit.
993 557 1071 598 ego
1105 546 1245 585 autem
1271 543 1456 597 primum
1487 544 1592 586 illud
1624 546 1791 600 ignoro,

238 614 362 654 quem
388 599 440 641 ad
466 601 640 643 modum
672 604 785 643 certa
823 602 908 644 iam
934 603 1154 656 provincia
1180 602 1327 644 Africa
1353 603 1538 644 consulis
1565 604 1646 645 viri
1666 604 1793 646 fortis

238 673 286 700 ac
320 660 480 701 strenui
513 660 581 714 sit,
613 676 741 715 quam
773 675 850 702 nec
883 663 1058 703 senatus
1092 661 1256 702 censuit
1287 662 1332 702 in
1358 660 1469 702 hunc
1502 676 1660 702 annum
1693 677 1789 717 pro-

194 733 205 739 ·
237 717 422 759 vinciam
456 732 548 760 esse
580 734 658 761 nec
689 720 872 774 populus
904 720 1048 774 iussit3
1080 720 1243 773 deinde,
1276 721 1310 761 si
1341 723 1417 773 est,
1449 721 1668 762 consulem
1693 735 1791 774 pec-

239 790 334 818 care
367 776 568 831 arbitror,
608 779 680 832 qui
711 778 761 820 de
799 793 843 820 re
875 781 1092 820 transacta
1130 779 1370 820 simulando
1404 793 1447 820 se
1480 779 1635 820 referre
1668 793 1788 820 sena-

237 838 329 877 tum
368 836 552 878 ludibrio
590 837 738 890 habet,
782 851 871 878 non
910 841 1169 891 senatorem,
1214 838 1298 892 qui,
1341 838 1391 879 de
1425 853 1507 892 quo
1540 838 1790 891 consulitur,

241 909 316 936 suo
342 894 435 936 loco
462 895 564 936 dicit
591 896 861 937 sententiam.
906 899 1032 951 atque
1060 910 1139 951 ego
1166 900 1327 938 certum
1353 897 1490 938 habeo
1518 897 1791 938 dissentienti

239 953 345 995 mihi
379 953 431 994 ab
464 954 549 995 ista
579 954 855 996 festinatione
887 955 933 996 in
965 954 1157 997 Africam
1188 956 1413 997 traiciendi
1439 956 1616 997 duarum
1648 970 1791 997 rerum

243 1012 506 1054 subeundam
534 1014 779 1068 opinionem
806 1028 915 1055 esse:
949 1014 1087 1067 unius,
1120 1013 1275 1055 insitae
1300 1014 1473 1069 ingenio
1501 1029 1594 1056 meo
1621 1017 1790 1057 cuncta-

240 1072 388 1125 tionis,
426 1086 553 1126 quam
592 1075 752 1114 metum
789 1073 1093 1128 pigritiamque
1130 1072 1326 1115 homines
1365 1073 1657 1115 adulescentes
1690 1087 1791 1115 sane

239 1164 279 1205 2,
307 1168 367 1207 54,
396 1169 449 1200 10.
477 1164 540 1207 24,
568 1169 623 1207 32,
654 1169 669 1199 1
698 1177 731 1200 u.
760 1165 825 1209 22,
854 1169 907 1209 14,
937 1170 978 1200 15

240 1212 341 1246 haud
365 1212 473 1246 dubie
498 1213 669 1253 ferebant.

289 1259 329 1293 id
371 1259 583 1304 eonsilium]
629 1259 980 1295 Wiederaufnahme

240 1306 316 1340 und
359 1306 730 1351 Zusammenfassung
778 1307 843 1342 der
887 1308 979 1342 eben

241 1352 456 1388 erwahnten
475 1353 590 1388 Pl'ane
610 1354 673 1388 des
695 1353 835 1399 Scipi03
862 1355 981 1399 regel-

240 1401 345 1435 recht
364 1400 468 1435 h’atte
489 1400 547 1435 die
562 1399 716 1436 Periode
731 1401 981 1447 weitergehen

241 1451 405 1482 miissen:
428 1448 715 1492 improbantibus
737 1449 774 1483 id
793 1450 982 1484 consilium

238 1495 461 1539 primoribus
493 1499 644 1539 patrum
683 1516 726 1521 --
768 1496 806 1541 Q.
839 1495 983 1531 Fabius

243 1543 444 1577 BIaaeimus.

283 1590 509 1634 primoribus
534 1590 703 1635 patrum]
738 1601 775 1625 es
809 1591 891 1625 sind
924 1590 983 1625 die

243 1636 411 1681 Haupter
468 1637 532 1671 der
583 1636 706 1681 Scipio
757 1637 983 1672 feindlichen

243 1682 379 1719 Partei.
404 1685 580 1727 primores
599 1684 666 1718 hat
684 1684 757 1719 fast
771 1686 861 1719 stets
877 1685 984 1720 einen

242 1730 357 1766 n‘aher
399 1731 692 1766 bestimmenden
735 1731 884 1767 Genitiv
924 1732 985 1767 bei

244 1778 338 1813 sich:
353 1779 531 1822 primores
539 1782 703 1822 patrum,
717 1780 875 1823 equitum
888 1791 922 1815 u.
933 1790 984 1822 a.;

244 1837 282 1861 es
307 1825 356 1860 ist
381 1825 418 1860 in
445 1824 598 1860 Dekade
626 1830 643 1860 1
671 1827 755 1861 sehr
780 1826 922 1871 hafflig,
949 1827 986 1861 in

243 1873 314 1907 den
340 1872 538 1917 folgenden
558 1872 736 1908 Dekaden
761 1874 892 1908 immer
918 1874 986 1909 sel-

243 1922 358 1955 tener.
399 1920 474 1964 vgl.
502 1919 535 1954 d.
562 1920 656 1955 Anh.

291 1967 508 2013 mussarent]
524 1969 752 2010 ‚,murrten“;
768 1979 834 2002 aus
848 1967 987 2003 Furcht

244 2014 334 2050 oder
346 2013 551 2059 Eigennutz
570 2015 674 2050 nicht
688 2014 783 2050 offen
799 2028 843 2050 zu
857 2015 986 2050 wider-

245 2062 424 2106 sprechen
448 2063 611 2106 wagten3
638 2062 712 2107 vgl.
734 2063 766 2104 1,
782 2066 838 2105 50,
854 2067 873 2095 3
895 2063 987 2097 clam

243 2109 385 2153 quidem
405 2112 642 2144 mussitantes.
667 2110 699 2153 7,
715 2113 770 2151 25,
789 2115 803 2143 1
826 2120 986 2144 mussan-

244 2160 294 2192 tes
325 2157 420 2190 inter
451 2166 485 2190 se
517 2157 734 2200 rogitabant.
785 2156 849 2200 33,
877 2161 939 2201 31,
969 2161 985 2191 1

244 2204 337 2238 clam
361 2207 560 2237 mussantes
585 2204 791 2248 carpebant.

294 2254 325 2284 3.
360 2250 460 2284 ltede
505 2250 568 2285 des
612 2249 758 2285 Fabius.
810 2252 850 2284 A.
882 2251 986 2285 Ein—

245 2297 424 2341 leitung
463 2299 496 2341 (ξ
530 2301 682 2342 3—-14).
727 2309 759 2332 a.
792 2297 986 2332 Nachweis

246 2344 311 2379 der
354 2344 657 2389 Notwendigkeit
700 2344 764 2379 der
800 2344 988 2389 Beratung

247 2393 282 2435 (ἓ
304 2393 420 2435 3—5).
462 2392 494 2426 b.
522 2391 717 2426 Naehweis
745 2392 809 2426 der
834 2392 989 2427 Berech-

246 2439 380 2484 tigung
423 2438 498 2472 und
542 2438 879 2483 Unparteilichkeit
925 2439 989 2474 des

247 2486 412 2520 Redners
439 2488 473 2530 (ξ
501 2488 640 2529 6-14).

296 2544 369 2568 rem
395 2537 511 2567 aetam
533 2554 574 2557 —
596 2534 673 2579 aqi]
701 2533 773 2576 vgl.
800 2537 818 2575 ξ
840 2538 859 2568 5
887 2534 929 2568 de
952 2545 991 2568 re

250 2584 457 2622 transacta3
515 2580 829 2624 sprichwortliche
879 2581 988 2615 Wen-

250 2627 368 2673 dung,
420 2628 494 2671 vgl.
528 2627 593 2670 26,
628 2632 688 2670 18,
722 2631 764 2663 10
798 2631 881 2672 post
917 2639 990 2662 rem

250 2678 376 2710 actam.
429 2686 458 2709 c.
489 2679 547 2717 15,
575 2678 618 2709 10
650 2676 698 2709 ad
729 2675 994 2720 impediendam

249 2733 322 2756 rem
348 2725 474 2757 aetam.

298 2770 340 2803 de
350 2770 493 2814 inteqra
503 2769 557 2815 re]
570 2780 611 2804 so
625 2769 768 2804 werden
782 2769 840 2804 die
851 2769 993 2804 Sachen

252 2818 341 2850 stets
373 2818 554 2861 genannt,
588 2816 679 2851 fiber
711 2816 770 2851 die
796 2816 877 2851 eine
903 2815 992 2851 Ver-

253 2862 445 2908 handlung
469 2864 564 2898 noch
590 2864 695 2898 nicht
715 2862 993 2908 stattgefunden

252 2909 333 2952 hat3
359 2910 432 2954 vgl.
453 2910 487 2955 2,
510 2914 542 2955 5,
565 2914 581 2944 1
603 2921 658 2946 res
676 2911 819 2956 inteqra
838 2911 993 2954 refertur

1053 1166 1102 1200 ad
1115 1168 1250 1209 patres.
1281 1164 1316 1209 3,
1331 1169 1387 1209 44,
1406 1169 1445 1199 12
1466 1169 1507 1200 ut
1526 1177 1595 1200 rem
1620 1167 1796 1210 integram

1054 1233 1096 1237 —-
1123 1212 1280 1256 differat.
1313 1212 1371 1256 27,
1398 1216 1454 1256 25,
1481 1216 1512 1246 2.

1100 1264 1131 1294 4.
1158 1261 1230 1294 viri
1254 1260 1361 1302 fortis
1380 1270 1422 1294 ac
1442 1259 1596 1304 strenui]
1623 1259 1797 1303 gewohn-

1053 1306 1149 1341 liche
1182 1307 1464 1341 auerkennende
1490 1306 1694 1341 Beiworter
1724 1317 1798 1341 von

1052 1354 1247 1399 tuchtigen
1261 1355 1449 1396 Mauuern‚
1470 1356 1560 1389 stets
1577 1353 1645 1388 mit
1661 1363 1704 1388 ac
1717 1364 1797 1388 ver-

1055 1401 1219 1444 bunden;
1242 1401 1315 1445 vgl.
1333 1401 1365 1444 1,
1381 1405 1433 1445 34,
1449 1404 1469 1435 6
1489 1401 1579 1444 forti
1592 1411 1634 1435 ac
1652 1404 1802 1439 strenuo>

1054 1450 1150 1491 vir03
1188 1449 1248 1483 nie
1285 1448 1324 1482 in
1362 1448 1626 1493 umgekehrter
1662 1448 1796 1492 Folge;

1055 1495 1154 1531 wohl
1179 1495 1268 1530 aber
1293 1495 1358 1539 24,
1387 1499 1446 1539 15,
1474 1500 1494 1530 6
1527 1496 1684 1531 strenuis
1709 1495 1800 1529 viris

1057 1543 1178 1578 allein.

1104 1594 1135 1625 5.
1167 1591 1372 1625 simulando
1404 1601 1439 1625 se
1470 1590 1603 1633 referre
1628 1610 1671 1614 -
1703 1589 1800 1623 ludi—

1057 1638 1134 1672 brio
1168 1638 1287 1683 habet]
1327 1638 1466 1681 „durch
1503 1636 1609 1672 einen
1649 1635 1799 1671 Schein—

1057 1687 1191 1729 antrag
1223 1705 1266 1710 -—
1300 1695 1381 1718 zum
1412 1684 1541 1719 besten
1573 1684 1678 1726 hat“,
1722 1683 1798 1727 vgl.

1057 1731 1124 1775 24,
1152 1735 1213 1775 34,
1243 1736 1285 1766 16
1313 1732 1471 1766 ludibrio
1497 1735 1598 1773 esset3
1626 1729 1711 1765 weil
1736 1729 1802 1764 der

1058 1778 1251 1813 Beschluss
1283 1778 1321 1813 in
1345 1779 1470 1822 jedem
1496 1778 1598 1813 Falle
1624 1777 1802 1813 resultat-

1059 1826 1113 1861 los
1140 1825 1337 1870 geblieben
1362 1830 1469 1861 ware.

1105 1883 1170 1907 suo
1196 1873 1286 1919 loeo]
1313 1872 1351 1907 in
1377 1873 1441 1908 der
1461 1872 1538 1907 ihm
1559 1873 1795 1908 zukommen-

1059 1920 1129 1955 den
1155 1920 1409 1965 Reihenfolge,
1436 1920 1510 1964 vgl.
1532 1931 1561 1955 c.
1589 1924 1651 1963 45,
1679 1924 1699 1955 6
1731 1929 1803 1964 quo

1059 1969 1178 2002 minus
1207 1978 1272 2002 suo
1303 1969 1451 2012 quisque
1482 1969 1556 2002 Ioco
1584 1988 1625 1992 -
1654 1970 1802 2012 royatus

1057 2016 1269 2049 sententiam
1289 2016 1428 2050 diceret.
1466 2015 1601 2049 Fabius
1622 2014 1675 2049 als
1694 2015 1801 2058 prin-

1058 2073 1138 2106 ceps
1163 2066 1308 2097 senatus
1334 2062 1474 2106 spricht
1499 2063 1629 2096 zuerst.

1109 2113 1140 2144 6.
1167 2113 1300 2144 eertum
1325 2109 1449 2153 habeo]
1477 2109 1581 2143 nicht
1601 2108 1800 2143 ciceronia-

1060 2156 1165 2191 nisch
1175 2170 1182 2198 3
1194 2156 1255 2190 bei
1263 2156 1338 2191 Liv.
1349 2156 1413 2199 oft,
1423 2155 1495 2199 vgl.
1505 2156 1565 2198 36,
1574 2159 1629 2198 28,
1638 2159 1660 2189 4
1669 2159 1804 2190 certum

1060 2204 1181 2244 habeo,
1201 2208 1233 2238 te
1253 2204 1497 2246 imprudentia
1519 2204 1603 2237 labi.
1630 2202 1801 2244 39,15,6.

1061 2249 1120 2293 42,
1136 2254 1191 2293 40,
1207 2255 1237 2286 9.
1265 2251 1325 2293 44,
1344 2255 1396 2291 14,
1416 2254 1470 2284 13.
1490 2254 1546 2293 38,
1561 2254 1592 2284 5.
1616 2254 1670 2293 39,
1689 2254 1717 2284 τ.

1108 2299 1264 2332 duarum
1284 2309 1403 2332 rerum
1423 2298 1647 2332 subeundam
1660 2297 1802 2341 opinio-

1061 2344 1154 2390 nem]
1194 2344 1282 2387 ‚‚ich
1320 2344 1414 2379 muss
1455 2344 1560 2378 einen
1600 2343 1802 2389 doppelten

1063 2391 1251 2426 Verdacht
1276 2392 1342 2426 auf
1364 2392 1461 2426 mich
1487 2392 1682 2434 nehmen“,
1726 2391 1802 2435 vgl.

1063 2438 1128 2482 42,
1156 2443 1218 2482 40,
1245 2444 1264 2473 3
1297 2440 1474 2474 orationis
1506 2439 1732 2474 acerbitatem
1760 2458 1803 2463 —-

1061 2487 1197 2521 subibo.

1111 2538 1141 2568 7.
1197 2534 1355 2568 homines
1410 2533 1670 2578 adulescentes]
1728 2531 1802 2566 die-

1062 2580 1160 2615 selbe
1199 2580 1443 2624 Verbindung
1486 2580 1528 2622 2,
1570 2583 1629 2622 18,
1670 2583 1712 2613 10
1750 2590 1806 2614 ve—

1061 2629 1162 2662 niam
1194 2628 1326 2662 erroris
1360 2628 1564 2663 hominibus
1597 2627 1804 2661 adulescen—

1066 2675 1162 2709 tibus
1193 2676 1331 2710 darent.
1382 2674 1451 2709 Die
1482 2674 1697 2709 attributive
1730 2675 1805 2707 An-

1066 2723 1249 2766 wendung
1281 2733 1353 2757 von
1385 2721 1633 2756 Substantivis
1664 2720 1713 2755 ist
1743 2720 1803 2755 bei

1065 2768 1141 2805 Liv.
1168 2769 1386 2812 verbreitet;
1414 2768 1485 2813 vgl.
1514 2768 1547 2810 1,
1574 2772 1629 2809 26,
1657 2771 1677 2801 2
1702 2778 1805 2802 soror

1065 2817 1177 2862 viryo.
1217 2816 1257 2858 2,
1287 2820 1326 2858 4,
1361 2820 1377 2849 1
1417 2816 1656 2850 adulescentes
1689 2815 1804 2850 liberi.

1066 2863 1105 2905 2,
1134 2869 1173 2908 6,
1199 2867 1220 2898 2
1246 2874 1325 2898 cum
1360 2863 1482 2897 liberis
1507 2862 1803 2897 adulescentibus.

1066 2909 1126 2955 24,
1146 2915 1202 2956 26,
1223 2914 1242 2944 2
1270 2921 1350 2945 eum
1374 2909 1520 2952 filiabus
1545 2909 1760 2954 virqinibus.
