1953 3278
193 336 213 366 6
241 326 394 380 quitur.

196 922 215 952 9

239 158 293 199 68
730 154 873 191 LIBER
898 154 1062 190 XXVIII.
1108 153 1209 190 CAP.
1236 158 1291 189 30.

1635 171 1662 189 a.
1683 171 1711 189 u.
1731 163 1791 190 548.

238 267 426 309 triremis
459 267 566 316 etat,
609 264 700 317 ipse
733 276 828 303 cum
866 263 960 303 octo
993 261 1240 302 triremibus
1271 261 1437 304 modico
1469 262 1697 304 intervallo
1730 275 1793 303 se-

466 325 550 364 iam
590 321 746 362 fretum
788 320 980 362 intrabat
1020 319 1361 374 quinqueremiS,
1402 335 1496 362 curn
1537 320 1708 362 Laelius
1751 322 1793 361 et

240 385 330 438 ipse
363 384 407 424 in
440 379 732 436 quinqueremi
766 394 786 420 e
819 381 946 433 portu
978 377 1172 420 Carteiae
1210 379 1485 432 sequentibus
1526 383 1688 434 septem
1720 379 1794 420 tri-

239 442 428 484 remibus
466 442 634 480 evectus
673 439 718 479 in
757 437 1045 479 Adherbalem
1084 451 1132 478 ac
1170 437 1364 478 triremes
1401 437 1635 492 invehitur,
1671 437 1793 492 quin-

241 513 481 554 queremem
509 498 614 539 satis
641 497 815 539 credens
842 496 1095 550 deprensam
1116 495 1264 549 rapido
1293 495 1339 536 in
1364 495 1474 537 freto
1498 497 1542 538 in
1569 497 1794 539 adversum

241 560 406 600 aestum
437 557 690 611 reciprocari
722 571 808 598 non
839 570 976 610 posse.
1037 553 1205 596 Poenus
1237 554 1282 594 in
1315 567 1358 594 re
1393 554 1534 596 subita
1565 569 1795 610 parumper

240 618 426 658 incertus
471 615 718 670 trepidavit,
762 619 904 656 utrum
950 613 1297 668 quinqueremem
1343 616 1608 667 sequeretur,
1652 629 1707 655 an
1750 614 1794 654 in

242 676 378 717 hostis
410 677 549 717 rostra
582 676 856 715 converteret.
918 674 1013 727 ipsa
1039 672 1255 714 cunctatio
1281 671 1529 712 facultatem
1556 672 1795 714 detrectan-

242 735 318 775 dae
350 748 521 789 pugnae
554 732 728 775 ademit:
767 733 851 773 iam
884 732 998 773 enim
1031 731 1109 772 sub
1142 731 1227 772 ictu
1259 730 1334 771 teli
1367 734 1507 783 erant,
1539 733 1580 772 et
1611 731 1796 784 undique

241 793 462 834 instabant
503 792 670 845 hostes,
713 794 854 833 aestus
899 805 1065 845 quoque
1110 789 1335 831 arbitrium
1380 789 1628 830 moderandi
1666 803 1796 830 naves

242 852 468 894 ademerat.
530 865 667 905 neque
699 853 790 891 erat
820 850 961 891 navali
993 862 1138 904 pugna
1170 848 1342 902 similis,
1385 848 1539 903 quippe
1577 848 1651 890 ubi
1689 846 1798 889 nihil

242 910 554 963 voluntarium,
591 909 701 950 nihil
739 909 844 950 artis
885 911 959 950 aut
996 907 1165 949 consilii
1205 909 1327 948 esset.
1388 921 1473 948 una
1510 910 1664 948 natura
1700 906 1799 948 freti

244 973 482 1024 aestusque,
514 969 646 1010 totius
679 967 925 1009 certaminis
951 969 1106 1021 potens
1131 966 1232 1018 suis,
1265 965 1415 1006 alienis
1447 966 1627 1007 navibus
1653 965 1799 1020 nequi-

243 1043 370 1084 quam
402 1028 583 1083 remigio
610 1028 653 1069 in
681 1027 942 1068 contrarium
974 1024 1190 1066 tendentis
1216 1024 1458 1078 invehebat,
1488 1027 1536 1066 ut
1560 1025 1799 1079 fugientem

291 1184 322 1215 6.
359 1181 400 1213 in
425 1179 669 1224 quinqueremi
696 1199 737 1203 —
764 1177 916 1222 evectus]
944 1177 984 1211 in

243 1227 304 1262 bei
336 1227 419 1261 dem
448 1227 607 1260 Verbum
641 1226 704 1259 des
736 1224 900 1259 Fahrens
934 1224 986 1258 ist

244 1273 548 1319 ungewbhnlich3
576 1273 648 1318 vgl.
676 1284 705 1307 c.
734 1277 766 1315 9,
795 1276 849 1307 10.

292 1320 516 1366 deprensam]
559 1319 808 1364 festgehalten
845 1318 883 1353 in
922 1318 986 1353 der

245 1369 444 1413 Strbmung
476 1368 550 1402 und
584 1367 644 1402 bei
677 1367 796 1402 seiner
821 1365 985 1400 Schwer-

242 1415 431 1461 falligkeit
457 1415 560 1450 nicht
590 1414 774 1448 imstande
810 1424 875 1448 aus
908 1412 986 1447 der-

244 1463 371 1498 selben
402 1461 754 1497 herauszukommen
785 1460 873 1496 oder
909 1472 986 1494 um-

245 1510 439 1544 zudrehen.

292 1559 333 1592 in
359 1558 546 1592 adversum
581 1559 717 1591 aestum
749 1553 986 1599 reciprocari]

246 1615 387 1650 „gegen
421 1604 479 1638 die
514 1603 714 1647 Sti-&mung
748 1602 842 1637 nach
880 1601 986 1636 11101(-

245 1653 357 1686 warts
390 1651 555 1685 fabren.“
608 1650 783 1694 Dagegen
815 1660 843 1683 c.
872 1652 910 1692 6,
946 1652 988 1683 10

245 1700 377 1742 fretum
402 1698 542 1745 Euripi
565 1717 608 1722 —-
634 1698 833 1741 reciprocat
858 1695 907 1729 ist
932 1697 985 1730 in-

246 1745 428 1781 transitiv.
467 1744 629 1779 Ahnlich
651 1743 718 1779 wie
739 1743 819 1778 hier
844 1742 905 1784 26,
931 1747 988 1786 39,

250 1797 291 1827 12
317 1804 429 1837 neque
454 1796 548 1827 retro
573 1803 700 1826 navem
723 1791 924 1826 inhiberent
944 1806 987 1819 =

248 1841 318 1875 den
338 1839 437 1874 Lauf
459 1840 522 1874 des
543 1838 696 1873 Schiffes
718 1839 889 1873 hemmen
915 1837 989 1871 und

248 1887 344 1922 nach
369 1887 573 1921 ruckw'arts
598 1886 743 1920 rudern.

297 1939 328 1970 7.
354 1935 395 1968 in
419 1945 457 1969 re
481 1933 619 1979 subita]
658 1932 741 1977 „bei
774 1932 858 1967 dem
883 1942 988 1966 uner-

249 1982 427 2016 warteten
452 1980 657 2025 Ereignis.“
697 1980 785 2014 Zum
812 1979 992 2014 kausalen

248 2030 290 2063 in
328 2029 400 2073 vgl.
441 2040 472 2062 e.
513 2031 575 2071 12,
615 2033 629 2062 1
670 2028 711 2062 in
749 2031 823 2062 tam
859 2027 992 2061 recenti

249 2076 391 2110 volnere
428 2075 503 2109 und
534 2086 564 2109 c.
592 2078 654 2117 20,
684 2078 726 2109 10
763 2076 804 2109 in
842 2074 994 2109 diversis

251 2123 387 2164 causis,
429 2123 550 2157 fex-ner
575 2121 640 2164 26,
668 2126 705 2164 9,
733 2125 754 2155 4
780 2122 822 2155 in
859 2132 993 2166 mayna

251 2170 380 2214 inopia
399 2170 579 2204 materiae.
621 2169 691 2202 Zur
709 2168 908 2213 Wendung
933 2167 993 2210 26,

254 2220 309 2260 10,
329 2221 349 2251 2
371 2217 460 2261 quid
480 2217 521 2251 in
540 2220 614 2251 tam
633 2217 764 2251 subitis
788 2216 893 2250 rebus
912 2226 992 2250 con-

250 2265 345 2299 sulto
370 2275 460 2308 opus
485 2267 581 2298 esset.

299 2314 418 2346 rostra
437 2310 665 2355 converteret]
691 2310 787 2344 nach
814 2308 995 2353 Analogie

251 2369 325 2392 von
349 2359 456 2403 sigma
481 2361 679 2393 convertere
705 2357 887 2402 gebildet3
919 2356 992 2400 vgl.

253 2405 313 2448 26,
335 2409 390 2448 39,
414 2409 454 2438 12
482 2416 560 2440 cum
586 2406 713 2439 rostris
732 2404 995 2439 concurrissent

253 2464 288 2486 u.
329 2452 391 2495 28,
424 2456 479 2496 30,
519 2456 561 2486 10
599 2462 680 2486 cum
715 2452 846 2494 infesto
880 2454 995 2485 rostro

247 2502 383 2543 peteret
407 2500 561 2534 hostium
580 2510 707 2534 navem
727 2498 796 2533 mit
815 2498 876 2541 21,
896 2501 952 2540 44,
973 2501 993 2531 3

253 2547 396 2589 infestis
426 2547 542 2591 siqnis
573 2547 817 2581 descendimus
848 2546 889 2579 in
915 2545 995 2578 Ita-

252 2594 353 2628 liam.

302 2644 335 2674 8.
380 2641 574 2676 arbitrium
618 2639 830 2675 moderandi
872 2639 995 2684 naves]

254 2687 338 2729 „die
354 2687 607 2732 Meglichkeit,
627 2687 723 2722 nach
742 2685 916 2721 Belieben
938 2685 996 2721 die

254 2734 371 2769 Fahrt
401 2735 465 2770 der
491 2734 626 2770 Schiffe
658 2747 701 2769 zu
726 2734 892 2778 regeln“;
930 2733 999 2767 mit

255 2781 340 2861 ἐξω
390 2782 629 2827 spezielleren
673 2781 810 2826 Objekt
854 2791 998 2815 cursum

257 2852 278 2861 -
309 2855 316 2870 ,
342 2832 399 2871 42,
426 2834 456 2865 5.

305 2876 436 2920 quippe
450 2877 527 2922 ubi]
552 2877 625 2921 vgl.
646 2876 705 2919 26,
725 2880 782 2918 48,
806 2879 845 2909 11
867 2876 998 2919 quippe

256 2921 322 2956 ubi
342 2942 384 2947 -—
399 2927 558 2967 petatur.
587 2923 646 2968 21,
668 2927 700 2968 5,
721 2927 764 2957 14
783 2923 916 2967 quippe
934 2922 999 2956 ubi

1058 1196 1099 1200 -—
1133 1178 1268 1220 posset;
1303 1174 1384 1209 hier
1417 1175 1509 1209 statt
1538 1174 1579 1208 in
1610 1185 1701 1218 qua;
1738 1174 1802 1209 der

1057 1222 1231 1257 Lateiner
1257 1220 1462 1257 vermeidet
1489 1231 1544 1264 es,
1578 1222 1710 1266 quippe
1739 1221 1802 1266 qui

1057 1269 1127 1304 mit
1151 1269 1437 1314 Prapositionen
1463 1279 1507 1302 zu
1532 1268 1743 1302 verbinden.

1106 1321 1136 1351 9.
1150 1317 1260 1352 totius
1272 1316 1479 1350 certaminis
1489 1315 1632 1361 potens]
1645 1315 1803 1359 „Herrin

1059 1364 1123 1398 der
1167 1365 1359 1409 gesamten
1403 1361 1623 1398 Situation.‘⁴
1667 1365 1803 1407 potens

1058 1412 1128 1446 mit
1153 1411 1238 1446 dem
1265 1410 1413 1445 Genitiv
1445 1409 1496 1445 ist
1526 1420 1592 1444 vor
1622 1409 1700 1444 Liv.
1735 1421 1803 1444 nur

1060 1457 1297 1500 dichterisch,
1318 1456 1379 1492 bei
1397 1457 1475 1491 ihm
1490 1457 1632 1501 haufig3
1652 1456 1726 1501 vgl.
1741 1455 1802 1499 33,

1062 1509 1118 1548 12,
1151 1509 1170 1539 2
1204 1509 1332 1550 potens
1370 1505 1523 1540 tuendae
1560 1504 1670 1538 simul
1699 1504 1804 1548 pacis

1059 1554 1312 1597 libertatisque.

1106 1601 1183 1635 suis
1214 1600 1344 1634 alienis
1373 1599 1529 1633 navibus
1555 1618 1598 1622 —-
1625 1597 1803 1632 tendentis

1060 1647 1260 1692 invehebat]
1294 1646 1412 1689 „trieb
1438 1645 1497 1680 die
1526 1665 1567 1670 -—
1594 1644 1803 1680 rudernden

1061 1694 1128 1729 auf
1137 1693 1196 1728 die
1205 1694 1359 1738 eigenen
1371 1692 1446 1726 und
1454 1691 1621 1726 fremden
1630 1691 1804 1733 Sohiffe“;

1060 1742 1221 1776 invehere
1254 1742 1340 1785 aliq.
1366 1741 1480 1774 alicui
1511 1739 1606 1774 noch
1638 1738 1698 1783 22,
1725 1743 1757 1782 5,
1784 1742 1804 1773 8

1060 1792 1177 1824 ‘nictus
1218 1792 1333 1823 terrae
1371 1808 1413 1812 —
1452 1797 1550 1821 mare
1591 1787 1804 1830 fluminibus

1063 1836 1210 1871 inveaeit.

1109 1883 1258 1927 remigio
1288 1883 1330 1916 in
1354 1881 1578 1917 contrarium
1611 1880 1804 1926 tendentis]

1065 1930 1183 1974 „nach
1209 1929 1274 1964 der
1300 1928 1673 1974 entgegengesetzten
1696 1926 1806 1962 Rich-

1064 1981 1157 2022 tung
1193 1976 1394 2019 rudernd“;
1446 1976 1517 2020 vgl.
1554 1975 1585 2018 7,
1620 1978 1676 2018 23,
1708 1978 1728 2008 9
1767 1975 1808 2010 in

1065 2025 1254 2059 adversum
1278 2025 1471 2058 subiissent
1497 2034 1530 2057 u.
1546 2033 1579 2056 a.
1604 2042 1644 2046 —-
1666 2022 1808 2057 tendere

1066 2071 1166 2106 steht
1198 2073 1300 2106 sonst
1330 2070 1480 2105 absolut
1511 2069 1599 2104 oder
1629 2068 1699 2103 mit
1723 2068 1807 2103 dem

1067 2117 1206 2163 Objekt
1231 2129 1394 2160 cursum;
1421 2117 1496 2162 vgl.
1522 2115 1581 2159 23,
1608 2120 1664 2160 34,
1691 2120 1711 2150 5
1739 2126 1807 2160 quo

1066 2166 1248 2200 tenderent
1273 2176 1426 2200 cursum.

1114 2214 1245 2248 vertice
1258 2216 1352 2247 retro
1368 2209 1556 2255 intortam]
1577 2220 1685 2253 „vom
1706 2209 1806 2244 Stru-

1067 2260 1128 2294 del
1153 2260 1355 2294 rfickwarts
1381 2257 1577 2303 gedreht“;
1616 2257 1690 2301 vgl.
1717 2259 1736 2299 ξ
1766 2260 1808 2291 10

1067 2308 1204 2342 intorta
1224 2308 1264 2341 in
1280 2317 1440 2350 proram.
1476 2304 1536 2348 25,
1559 2308 1619 2347 16,
1641 2307 1686 2339 20
1700 2304 1809 2348 palu·

1067 2355 1232 2388 (lamento
1253 2355 1350 2388 circa
1377 2354 1515 2388 laecum
1540 2351 1728 2387 brachium
1752 2351 1808 2385 in-

1067 2405 1178 2442 torto;
1205 2411 1287 2435 vom
1311 2400 1445 2435 Winde
1471 2399 1531 2441 21,
1553 2402 1608 2441 58,
1636 2402 1656 2432 3
1682 2399 1809 2433 vertice

1066 2449 1204 2483 intorti.

1115 2496 1155 2529 in
1188 2495 1413 2530 contrarium
1443 2497 1599 2528 tractum
1624 2493 1809 2527 incidisset

1067 2542 1196 2588 maris]
1227 2553 1353 2587 „wenn
1381 2552 1418 2575 es
1445 2540 1483 2574 in
1509 2540 1588 2575 eine
1609 2541 1807 2584 entgegen-

1068 2591 1230 2634 gesetzte
1265 2589 1464 2632 Strbmung
1498 2589 1690 2632 geraten“;
1729 2584 1807 2619 Liv.

1070 2637 1203 2672 nimmt
1246 2635 1527 2678 verschiedene,
1571 2644 1690 2678 gegen
1735 2632 1809 2667 ein-

1070 2684 1183 2719 ander
1222 2683 1398 2728 ringende
1429 2682 1809 2724 Meeresstrbmungen

1071 2743 1127 2767 an.
1154 2752 1195 2756 —
1222 2735 1360 2766 tractus
1380 2731 1481 2764 sonst
1506 2744 1549 2756 =
1571 2726 1809 2768 Landstrich;

1070 2779 1143 2823 vgl.
1161 2778 1193 2821 7,
1207 2783 1263 2821 25,
1278 2782 1299 2812 4
1324 2777 1493 2811 Laurens
1518 2777 1663 2809 tractus.
1691 2773 1725 2816 8,
1741 2777 1772 2816 3,
1789 2777 1807 2807 7

1069 2827 1111 2860 in
1137 2826 1210 2860 alio
1242 2828 1362 2860 tractu
1387 2823 1503 2864 orbis;
1536 2821 1624 2856 oder
1650 2837 1692 2849 =
1720 2822 1808 2855 Aus-

1071 2873 1261 2916 dehnung3
1296 2871 1368 2915 vgl.
1395 2870 1429 2912 3,
1457 2872 1512 2911 28,
1542 2874 1555 2902 1
1585 2869 1648 2912 qui
1673 2871 1811 2903 tractus

1071 2923 1279 2954 castrorum.
