1953 3278
138 168 163 187 a.
184 162 233 187 Ch.
255 162 313 186 2063.

139 259 182 300 in
217 258 435 312 obliquum
468 256 573 297 aliis.

137 331 232 359 rum
265 316 389 371 signa
419 314 684 356 incedebant.

588 148 733 183 LIBER
759 148 924 183 XXVIII.
977 148 1079 184 CAP.
1108 152 1161 182 14.
1191 151 1244 183 15.

1637 147 1693 189 33

137 375 304 417 roboris
341 374 386 415 in
425 373 613 415 hostium
646 373 736 414 acie
768 376 878 427 erat,
909 371 1041 414 Poeni
1074 373 1262 414 veterani
1294 372 1472 427 Afrique
1504 372 1694 414 nondum

138 432 194 475 ad
232 433 307 474 teli
346 432 585 474 coniectum
625 432 844 473 venissent
880 445 1016 485 neque
1055 431 1099 471 in
1139 444 1316 483 cornua,
1359 434 1404 472 ut
1445 431 1695 472 adiuvarent

136 493 399 546 pugnantes,
444 491 678 532 discurrere
724 490 946 542 auderent,
990 503 1042 530 ne
1086 489 1298 542 aperirent
1338 489 1523 531 mediam
1562 490 1695 531 aciem

136 549 323 591 venienti
358 564 407 590 ex
440 549 616 590 adverso
649 548 777 590 hosti.
828 561 986 588 cornua
1012 547 1189 600 ancipiti
1222 547 1384 600 proelio
1411 549 1693 603 urgebantur:
1721 558 1764 588 20

136 623 264 663 eques
290 608 477 662 levisque
504 609 720 649 armatura
739 606 845 659 <ac>
866 605 1029 658 velites,
1056 605 1354 646 circumductis
1382 606 1462 647 alis
1490 608 1534 647 in
1560 608 1697 648 latera

138 667 427 720 incurrebant,
447 666 643 708 cohortes
672 679 696 706 a
722 664 861 705 fronte
887 663 1109 718 urgebant,
1135 667 1182 704 ut
1208 664 1512 718 abrumperent
1538 679 1695 706 cornua

137 740 162 767 a
195 729 336 767 cetera
362 726 461 766 acie.
512 726 554 765 et
580 737 676 764 cum
709 723 761 764 ab
789 723 907 764 omni
939 724 1061 775 parte
1088 722 1419 776 haudquaquam
1450 738 1527 777 par
1551 738 1697 778 pugna
1716 726 1764 761 15

140 787 251 838 erat,
288 787 378 825 tum
413 782 523 837 quod
555 782 683 823 turba
714 781 950 822 Baliarium
985 781 1256 835 tironumque
1288 780 1581 835 Hispanorum
1613 782 1696 824 Ro-

138 857 264 884 mano
284 842 523 895 Latinoque
549 840 676 881 militi
703 840 869 882 obiecta
895 841 1003 893 erat,
1030 842 1072 880 et
1096 840 1348 893 procedente
1375 841 1461 882 iam
1488 841 1555 882 die
1581 842 1691 882 vires
1718 851 1737 881 2

140 901 271 942 etiam
322 900 499 941 deficere
550 898 831 940 Hasdrubalis
882 898 1115 940 exercitum
1165 902 1413 952 coeperant,

1464 914 1692 954 OPPTOSSOS

136 959 350 1000 matutino
389 958 578 999 tumultu
616 960 891 1011 coactosque,
929 957 1179 1011 priusquam
1211 957 1306 998 cibo
1339 971 1517 1012 corpora
1555 959 1695 1000 firma-

134 1020 249 1069 rent,
287 1017 445 1072 raptim
478 1017 522 1058 in
555 1017 689 1058 aciem
721 1016 855 1069 exire,
893 1019 935 1057 et
967 1015 1021 1056 ad
1057 1016 1100 1056 id
1133 1016 1278 1057 sedulo
1311 1016 1421 1057 diem
1456 1019 1697 1058 extraxerat
1724 1027 1743 1057 3

136 1074 298 1130 Scipio,
338 1078 386 1116 ut
424 1089 517 1116 sera
555 1089 703 1130 pugna
741 1077 870 1116 esset:
913 1089 1014 1116 nam
1056 1074 1108 1115 ab
1150 1075 1332 1129 septima
1377 1075 1547 1117 demum
1591 1076 1698 1117 hora

136 1134 329 1188 peditum
370 1135 493 1188 signa
533 1134 734 1176 cornibus
777 1134 1119 1187 incucurrerunt,
1165 1134 1217 1174 ad
1261 1132 1422 1175 medias
1467 1135 1578 1176 acies
1622 1135 1696 1176 ali·
1724 1144 1744 1174 4

138 1196 301 1247 quanto
336 1193 470 1235 serius
502 1193 696 1247 pervenit
725 1206 884 1247 pugna,
914 1192 976 1233 ita
1007 1195 1055 1233 ut
1086 1192 1203 1246 prius
1237 1195 1380 1233 aestus
1409 1207 1433 1234 a
1460 1193 1695 1234 meridiano

140 1252 229 1293 sole
260 1252 466 1306 laborque
499 1251 641 1293 standi
667 1251 746 1292 sub
774 1252 903 1292 armis
930 1253 972 1292 et
998 1250 1124 1292 simul
1149 1251 1284 1292 fames
1312 1251 1491 1306 sitisque
1518 1266 1697 1306 corpora

137 1310 378 1363 adficerent,
400 1324 526 1364 quam
548 1324 701 1351 manus
722 1325 817 1352 cum
836 1310 961 1352 hoste
982 1313 1268 1351 consererent.
1318 1310 1464 1364 itaque
1486 1313 1696 1353 steterunt

137 1369 267 1411 scutis
306 1369 453 1410 innixi.

514 1369 599 1410 iam
640 1383 766 1423 super
804 1371 943 1410 cetera
981 1368 1198 1422 elephanti
1238 1368 1386 1423 etiam,
1428 1369 1695 1411 tumultuoso

135 1441 290 1483 genere
322 1440 490 1482 pugnae
523 1428 713 1482 equitum
739 1428 1000 1482 velitumque
1033 1430 1076 1468 et
1107 1427 1212 1468 levis
1240 1429 1481 1469 armaturae
1508 1431 1692 1470 conster-

188 1545 240 1578 18.
267 1542 384 1588 sinus]
419 1543 499 1577 eine
526 1542 782 1588 Abweichung
806 1554 878 1578 von

135 1589 202 1624 der
253 1589 415 1634 gei-aden
465 1589 733 1624 Schlachtlinie
782 1590 879 1625 nach

135 1635 259 1680 innen,
287 1636 566 1681 Einbuchtung3
593 1637 667 1681 vgl.
689 1636 748 1680 22,
775 1641 831 1680 47,
858 1640 878 1671 8

133 1683 256 1718 sinum
279 1683 321 1718 in
343 1684 458 1719 medio
477 1684 576 1719 dedit
596 1695 669 1718 von
688 1684 753 1718 der
772 1684 879 1729 puni-

137 1730 248 1765 schen
273 1730 513 1775 Aufstellung
538 1731 598 1765 bei
625 1730 782 1765 Cannae.

170 1777 291 1858 silpgza
299 1777 557 1823 incedebant]„
538 1777 620 1858 ,filie
628 1778 880 1859 {bteiliingetn

137 1826 202 1858 rfic
249 1835 294 1858 en
331 1826 420 1859 vor“
483 1835 552 1859 auc
617 1836 637 1860 o
666 1836 712 1859 ne
778 1835 843 1859 usa
863 1837 880 1859 z

137 1881 211 1905 von
244 1872 390 1915 sequius
419 1871 515 1916 liegt
545 1871 610 1906 der
641 1871 782 1914 Begriff
816 1872 880 1906 des

135 1917 351 1962 „⁴langsam‘
389 1918 512 1960 darin;
556 1918 630 1962 vgl.
664 1918 730 1961 21,
764 1922 878 1962 33,1

134 1974 261 2009 aqmen
287 1965 447 2000 incedere
473 1966 594 2009 coepit

186 2026 240 2057 19.
267 2023 341 2057 iam
368 2024 622 2069 conflixerant]
654 2024 731 2067 „sie
757 2035 880 2059 waren

139 2069 254 2104 sehon
280 2070 318 2103 in
344 2070 485 2114 Kampf
505 2073 693 2115 gei-aten“.

187 2131 244 2162 20.
271 2129 424 2173 levisque
449 2130 654 2175 aronatnra]
682 2129 732 2163 ist
757 2129 881 2164 bisher

136 2175 241 2209 nicht
284 2176 338 2210 als
383 2175 606 2211 besonderer
640 2176 882 2221 Truppenteil

134 2232 208 2256 von
227 2222 298 2257 den
308 2221 460 2258 Veliten
478 2222 700 2268 geschieden
720 2223 879 2258 worden

186 2281 302 2325 c.15‚
325 2285 355 2316 1.
381 2282 664 2326 haudquaquam
684 2281 776 2328 par]
804 2282 878 2326 vgl

139 2326 200 2370 22,
222 2330 277 2370 18,
303 2331 325 2361 4
349 2328 631 2373 haudquaquam
650 2330 743 2374 pari
768 2333 879 2364 certa—

136 2374 242 2408 mine.
271 2385 300 2408 c
321 2377 436 2417 28,13
455 2376 738 2421 haudquaquam
756 2377 877 2421 inpar.

137 2431 168 2454 e
195 2423 257 2463 41,
286 2425 303 2454 1
336 2421 619 2474 haudquaquam
646 2434 718 2467 par
745 2423 880 2458 Poenis

137 2467 342 2510 dimicati03
385 2468 455 2503 wie
494 2470 595 2504 sonst
631 2481 767 2515 aequus
804 2470 880 2505 und

136 2514 297 2560 iniquus.

186 2576 219 2609 3
240 2575 288 2609 ad
307 2575 390 2618 id]‚

136 2620 188 2654 ad
211 2619 447 2666 h063vgl.1,
475 2623 506 2663 6,
534 2625 553 2655 3
581 2622 630 2655 ad
654 2622 694 2656 id
718 2623 794 2656 und
819 2623 879 2667 26,

136 2670 201 2711 45,
227 2670 248 2701 8
281 2669 330 2703 ad
360 2667 418 2710 id,
450 2668 554 2711 quod.
605 2667 780 2703 Meistens
817 2670 879 2704 be·

136 2713 268 2749 deutet
304 2716 353 2750 ad
389 2714 429 2748 id
463 2714 626 2749 freilich:
665 2727 706 2749 zu
740 2716 878 2750 diesem

138 2760 303 2805 Zwecke,
335 2761 408 2807 vgl.
436 2773 465 2796 c.
493 2765 526 2804 3,
555 2766 590 2804 73
618 2762 722 2796 oder:
755 2763 810 2797 bis
837 2775 881 2797 zu

137 2806 258 2842 dieser
284 2809 380 2852 Zeit,
408 2808 481 2854 vgl.
508 2808 568 2851 21,
595 2812 652 2852 52,
679 2813 710 2844 6.

185 2855 231 2890 ab
275 2857 429 2900 septima
471 2856 611 2890 demum
660 2857 765 2902 hora]
811 2856 878 2891 wie

137 2903 255 2944 „nur“
280 2903 373 2937 wird
393 2902 489 2938 auch
515 2905 635 2947 ‚,erst“
661 2903 722 2938 bei
742 2904 880 2939 Zahlen

209 2966 268 2992 Tit.
287 2967 352 2994 Liv.
387 2968 422 2993 Β.
443 2969 484 2993 28.

395 2572 603 2615 ,fiberdies“
608 2575 704 2617 ,wie
725 2580 878 2621 c.14,17

951 1544 1061 1577 meist
1091 1543 1196 1578 nicht
1235 1543 1503 1589 ausgedriickt;
1544 1555 1612 1578 nur
1650 1555 1697 1578 an

952 1590 1100 1634 einigen
1145 1589 1286 1626 Stellen
1332 1593 1425 1626 setzt
1466 1591 1544 1625 Liv.
1589 1591 1697 1625 daffir

952 1638 1091 1672 demum
1123 1637 1246 1672 hinter
1278 1638 1344 1673 das
1377 1638 1580 1680 Zahlwort3
1619 1637 1694 1683 vgl.

951 1683 1012 1727 30,
1033 1688 1089 1728 21,
1111 1689 1130 1719 9
1151 1688 1248 1720 sexto
1274 1686 1408 1721 decimo
1428 1686 1566 1720 demum
1586 1695 1694 1720 anno.

1000 1744 1170 1778 cornibus
1189 1744 1486 1790 incucurrerunt]
1503 1755 1571 1778 nur
1591 1743 1696 1778 zwei-

952 1791 1028 1824 mal
1041 1790 1237 1825 verbindet
1250 1791 1329 1826 Liv.
1350 1792 1501 1826 incurro
1521 1791 1591 1825 mit
1611 1791 1696 1825 dem

952 1836 1064 1871 Dativ
1085 1837 1149 1872 der
1163 1838 1317 1880 Person3
1338 1837 1418 1873 hier
1438 1838 1512 1872 und
1533 1837 1695 1881 22,17,6

953 1885 1022 1918 leci
1046 1888 1272 1926 armaturae,
1305 1887 1408 1920 sonst
1440 1886 1531 1920 stets
1562 1885 1630 1919 mit
1655 1886 1697 1919 in

954 1942 982 1966 c.
1011 1942 1103 1973 aco,
1130 1932 1204 1976 vgl.
1227 1943 1255 1966 c.
1280 1935 1340 1976 14,
1361 1935 1406 1966 20
1431 1933 1473 1966 in
1499 1932 1612 1966 latera
1638 1932 1697 1966 in—

952 1979 1156 2014 currebant.

1001 2029 1034 2059 4.
1054 2026 1222 2069 pervenit
1251 2025 1395 2071 puyna]
1423 2024 1586 2060 dieselbe
1612 2024 1698 2059 Per-

955 2071 1191 2106 sonifikation
1218 2072 1257 2115 2,
1278 2077 1341 2115 46,
1362 2076 1381 2107 3
1403 2083 1533 2116 puyna
1558 2073 1630 2106 iam
1656 2072 1695 2106 in

954 2129 1096 2162 manus,
1115 2120 1191 2154 iam
1211 2120 1260 2154 ad
1278 2120 1420 2163 yladios
1438 2122 1600 2162 venerat;
1622 2119 1697 2164 vgl.

955 2176 984 2201 e.
1013 2169 1069 2209 20,
1097 2169 1116 2200 6
1142 2166 1202 2201 ira
1228 2167 1383 2202 crudelis
1410 2185 1454 2191 —-
1472 2167 1649 2211 pervenit.

1000 2236 1025 2259 a
1060 2225 1262 2259 meridiano
1300 2225 1386 2270 sole]
1427 2224 1595 2269 „infolge
1633 2223 1698 2259 der

953 2271 1265 2316 Mittagssonne‘⁴;
1287 2272 1332 2306 ab
1353 2283 1416 2305 zur
1435 2271 1697 2316 Bezeichnung

954 2318 1019 2353 des
1039 2318 1206 2353 Gmndes
1226 2319 1301 2363 vgl.
1322 2317 1357 2361 4,
1372 2321 1428 2361 32,
1445 2323 1462 2352 1
1484 2319 1529 2353 ab
1549 2329 1587 2353 re
1605 2318 1698 2353 male

952 2369 1051 2410 qesta
1070 2366 1246 2410 perculso.
1274 2365 1334 2408 25,
1355 2369 1411 2408 39,
1433 2369 1452 2400 9
1480 2366 1632 2400 calentes
1653 2385 1696 2389 —

951 2413 997 2447 ab
1022 2414 1155 2448 recenti
1174 2424 1306 2458 puqna
1330 2423 1363 2447 u.
1387 2416 1418 2447 ὃ.

999 2475 1031 2505 5.
1057 2472 1171 2506 scutis
1195 2471 1338 2517 inniaei]
1366 2470 1425 2505 die
1447 2470 1617 2515 Stellung
1643 2481 1697 2505 er-

951 2518 1122 2553 mfideter
1161 2518 1339 2553 Soldaten
1380 2517 1592 2552 beschreibt
1634 2516 1696 2560 44,

953 2569 1014 2609 33,
1042 2569 1061 2600 9
1099 2566 1249 2600 innixos
1286 2565 1385 2610 pilo,
1428 2566 1545 2609 capite
1589 2575 1698 2608 super

951 2613 1151 2656 marginem
1175 2613 1269 2647 scuti
1288 2613 1419 2656 posito.
1462 2611 1523 2655 35,
1551 2615 1584 2654 5,
1611 2615 1629 2645 7
1656 2611 1695 2645 in

951 2663 1055 2694 scuta
1078 2660 1333 2694 incumbentes.
1361 2658 1394 2702 S,
1423 2662 1454 2700 7,
1484 2662 1525 2692 11
1552 2658 1698 2701 cuspidi

946 2716 1150 2750 parmaque
1173 2707 1358 2740 innivum.

999 2763 1236 2809 consternati]
1283 2763 1419 2806 „scheu
1458 2762 1696 2807 geworden“;

954 2809 1009 2844 oft
1039 2810 1106 2844 auf
1134 2810 1335 2844 Menschen
1365 2810 1598 2854 fibertragen.
1634 2808 1697 2854 38,

955 2860 1015 2899 17,
1043 2862 1063 2892 6
1091 2868 1264 2901 pecorum
1295 2857 1337 2891 in
1367 2857 1509 2892 modum
1542 2859 1697 2892 conster-

953 2907 1068 2939 natos.
1095 2904 1170 2948 vgl.
1198 2915 1228 2938 c.
1256 2908 1311 2947 25,
1339 2908 1369 2938 5.

1392 2966 1412 2997 3

631 256 748 298 sinus
781 256 825 297 in
857 255 996 297 medio
1029 258 1133 308 erat,
1165 270 1250 309 qua
1282 255 1454 310 segnius
1481 254 1693 309 Hispano·
1723 266 1764 297 18

742 318 784 356 et
815 315 900 356 iam
933 314 1209 355 conflixerant
1240 328 1410 368 cornua,
1442 327 1548 367 cum,
1581 314 1694 368 quod
1724 325 1764 355 19

1722 1320 1743 1351 5
