1953 3278
169 608 217 641 41

242 141 299 182 90
688 139 829 173 LIBER
855 137 1019 172 xxvnl.
1070 137 1170 172 CAP.
1199 142 1253 172 40.
1281 143 1337 174 41.

1628 156 1655 174 a.
1678 157 1706 174 u.
1728 151 1791 176 549.

241 249 419 291 noribus
458 247 689 305 certamina
727 246 832 286 mihi
870 248 998 299 atque
1036 244 1343 288 aemulationes
1382 262 1477 289 cum
1518 248 1790 289 adulescente

172 321 215 351 13
242 308 542 350 florentissimo
582 318 836 359 proponam:
880 303 1076 344 videficet
1114 306 1162 344 ut
1198 304 1303 345 mihi
1341 306 1518 348 vivendo
1557 307 1659 359 iam,
1706 321 1793 348 non

243 368 379 409 solum
410 366 535 406 rebus
569 363 761 419 gerendis
794 363 919 416 feSSO,
952 362 987 403 si
1018 361 1116 403 huic
1147 366 1306 416 negata
1335 363 1480 418 fuerit,
1515 365 1662 407 Africa
1691 379 1787 419 pro-

243 426 381 466 vincia
414 424 674 465 decernatur.

736 436 832 463 cum
864 435 914 462 ea
945 421 1100 476 gloria,
1142 434 1248 475 quae
1287 425 1411 475 parta
1442 426 1522 476 est,
1561 425 1791 467 vivendum

179 498 216 527 14
243 488 369 537 atque
402 482 666 523 moriendum
698 483 773 522 est.
823 480 989 521 vincere
1023 493 1100 534 ego
1133 479 1334 533 prohibui
1359 480 1659 537 Hannibalem,
1690 486 1738 524 ut
1769 497 1794 524 a

243 542 377 594 vobis,
410 556 588 596 quorum
622 541 768 595 vigent
798 554 911 580 nunc
943 539 1066 593 vires,
1099 538 1229 580 etiam
1262 539 1374 580 vinci
1405 542 1587 594 possetf‘

359 600 492 654 „Illud
524 603 566 641 te
599 599 705 640 mihi
735 599 968 654 ignoscere,
1000 597 1045 639 P.
1072 595 1254 651 Corneli,
1286 612 1467 652 aequum
1495 599 1586 653 erit,
1618 600 1666 654 si,
1697 615 1793 642 cum

241 660 286 700 in
311 674 379 701 me
405 659 497 713 ipso
524 673 758 712 numquam
783 657 918 712 pluris
950 657 1111 698 famam
1137 657 1358 698 hominum
1385 672 1512 711 quam
1538 672 1628 700 rem
1658 659 1794 712 publi-

241 733 335 760 cam
380 718 570 771 fecerim,
614 732 666 758 ne
711 720 830 757 tuam
874 716 1044 770 quidem
1083 716 1264 770 gloriam
1308 716 1422 758 bono
1462 716 1634 770 publico
1676 731 1795 771 prae-

195 791 214 820 2
242 791 419 832 ponam:
452 790 723 831 quamquam,
755 775 792 816 si
819 779 892 816 aut
918 775 1075 816 bellum
1100 775 1263 816 nullum
1289 776 1334 816 in
1354 775 1479 817 Italia
1505 778 1580 817 aut
1599 776 1635 817 is
1657 775 1795 817 hostis

243 839 367 890 esset,
400 850 450 878 ex
483 850 566 889 quo
600 835 712 876 victo
745 834 854 874 nihil
887 833 1051 888 gloriae
1083 837 1373 887 quaereretur,
1412 835 1484 888 qui
1515 838 1557 876 te
1590 835 1635 876 in
1666 833 1794 876 Italia

242 895 456 949 retineret,
488 895 569 935 etsi
600 893 643 934 id
674 893 786 934 bono
819 892 990 947 publico
1022 892 1197 946 faceret,
1229 893 1355 934 simul
1387 908 1483 935 cum
1514 894 1629 935 bello
1662 895 1792 935 mate-

195 972 213 998 5
241 955 349 996 riam
381 954 543 1009 gloriae
575 956 675 994 tuae
707 952 791 993 isse
826 953 1017 1004 ereptum
1049 950 1182 992 videri
1208 955 1363 1005 posset.

1427 967 1522 993 cum
1549 967 1648 994 vero
1674 951 1792 993 Han-

240 1014 359 1055 nibal
384 1013 523 1055 hostis
550 1010 753 1053 incolumi
780 1010 967 1051 exercitu
995 1012 1194 1064 quartum
1214 1010 1423 1051 decimum
1445 1026 1603 1052 annum
1623 1011 1792 1052 Italiam

242 1073 448 1126 obsideat,
479 1070 715 1126 paenitebit
740 1073 794 1122 te,
827 1068 870 1110 P.
892 1067 1076 1123 Corneli,
1102 1069 1263 1124 gloriae
1288 1072 1399 1123 tuae,
1425 1070 1462 1110 si
1487 1070 1657 1111 hostem
1684 1084 1797 1123 eum,

242 1133 313 1186 qui
344 1134 410 1173 tot
440 1132 649 1183 funerum,
680 1132 746 1170 tot
778 1128 961 1169 cladium
987 1127 1110 1169 nobis
1144 1142 1272 1169 causa
1296 1128 1387 1181 fuit,
1420 1131 1467 1169 tu
1495 1129 1641 1170 consul
1667 1128 1795 1170 Italia

244 1191 455 1244 expuleris
488 1194 541 1243 et,
574 1190 683 1230 sicut
714 1202 842 1242 penes
875 1186 919 1228 C.
939 1186 1160 1227 Lutatium
1195 1187 1348 1241 prioris
1382 1186 1531 1228 Punici
1561 1187 1796 1241 perpetrati

248 1250 348 1291 belli
379 1249 531 1291 titulus
563 1248 656 1301 fuit,
686 1247 748 1288 ita
779 1260 908 1300 penes
935 1249 978 1287 te
1004 1245 1128 1287 huius
1155 1246 1314 1287 fuerit?
1363 1246 1445 1287 nisi
1479 1249 1553 1287 aut
1578 1245 1799 1287 Hamilcar

293 1358 344 1389 13.
372 1354 532 1388 videlicet
560 1352 617 1397 ut]
651 1350 985 1394 „wahrscheinlich

242 1401 397 1445 damit‘⁸,
418 1401 478 1435 bei
490 1399 566 1434 Liv.
581 1400 635 1434 oft
645 1397 819 1437 ironisch,
834 1398 907 1441 vgl.
924 1397 986 1438 22,

242 1453 298 1492 59,
327 1453 370 1482 14
399 1447 544 1493 Pyrrho
569 1447 741 1481 videlicet.
769 1445 828 1487 23,
859 1449 912 1486 1-2,
942 1449 983 1478 14

239 1496 397 1541 praedae
422 1495 585 1530 videlicet
604 1494 733 1538 Ρῖενιας
769 1493 830 1533 21,
851 1496 905 1534 63,
930 1496 984 1534 10,

241 1542 337 1578 doch
351 1543 446 1577 auch
461 1544 556 1577 ohne
570 1541 701 1584 Ironie,
717 1540 789 1584 vgl.
806 1539 865 1582 22,
882 1543 936 1581 50,
952 1543 982 1573 5.

243 1591 304 1633 22,
333 1594 388 1634 13,
416 1594 469 1623 11.

284 1650 434 1684 rit-endo
450 1649 533 1691 iam,
548 1659 621 1682 nort
634 1646 765 1692 solum]
783 1657 856 1681 ‘non
870 1646 984 1680 solum

242 1697 317 1731 und
355 1707 429 1731 ozon
466 1696 568 1730 modo
607 1695 737 1730 stehen
775 1694 888 1728 ofters
932 1694 982 1727 im

243 1743 397 1778 zweiten
436 1743 582 1785 Gliede,
628 1753 734 1776 wenn
777 1741 842 1775 das
887 1743 982 1775 erste

244 1792 347 1826 stark
379 1789 684 1835 hervorgehoben
717 1788 865 1822 werden
897 1787 982 1829 soll;

243 1838 362 1873 dieses
389 1838 455 1872 hat
480 1837 577 1871 daun
600 1837 776 1871 meistens
801 1836 876 1870 iam
896 1835 983 1869 oder

240 1896 395 1931 quoque,
421 1886 528 1920 etiam
553 1884 612 1919 bei
634 1883 728 1925 sich3
753 1883 827 1926 vgl.
845 1883 876 1925 7,
894 1885 949 1924 18,
964 1886 984 1916 3

240 1933 329 1976 fidei
361 1934 433 1967 iam«
463 1943 568 1974 suae,
600 1942 674 1966 ‘non
699 1931 813 1965 solum
838 1930 986 1964 virtutis

242 1981 431 2015 clzceebcmt.

292 2049 326 2074 e.
361 2039 423 2073 41.
470 2038 509 2071 B.
549 2038 705 2072 Erster
743 2035 984 2080 Hauptteil

242 2090 276 2128 (ξ
307 2087 445 2129 1-11).
498 2084 581 2119 Der
617 2084 755 2129 Krieg
793 2082 905 2118 muss
944 2083 987 2117 in

244 2133 415 2167 Italien
441 2133 626 2176 geffihrt
651 2131 837 2166 werden.
872 2130 986 2174 (Posi-

243 2181 338 2215 tiver
354 2180 507 2222 Beweis)
524 2183 563 2222 ’1)
578 2178 661 2213 weil
682 2190 719 2213 es
740 2179 806 2212 das
818 2177 987 2212 Gemein-

244 2228 342 2262 wohl
376 2227 554 2262 erfordert
589 2228 623 2269 (ξ
660 2228 796 2270 1—2)3
835 2227 872 2268 2)
904 2223 988 2258 weil

243 2274 431 2309 Hannibal
459 2274 522 2308 (161·
548 2273 817 2317 gefflhrlichere
844 2272 988 2315 Gegner

244 2322 293 2356 ist
320 2325 352 2364 (ξ
374 2325 497 2364 3-7);
525 2324 560 2365 3)
587 2320 672 2354 weil
698 2331 734 2354 es
761 2320 825 2354 das
851 2319 985 2353 Natur-

243 2368 406 2413 gem'asse
433 2368 481 2402 ist
505 2372 538 2411 (ἓ
565 2370 705 2411 8—10).

293 2432 325 2462 2.
352 2439 580 2472 quemquam,
606 2427 652 2471 si]
673 2425 819 2460 freilieh
842 2437 922 2459 nur
942 2423 986 2458 in

244 2475 342 2509 dem
380 2474 508 2509 Falle
547 2475 684 2508 konnte
723 2484 761 2507 es
802 2472 986 2513 scheinen,

246 2522 301 2556 als
323 2522 414 2556 solle
441 2522 497 2556 dir
519 2520 773 2565 Gelegenhest,
800 2520 921 2553 Ruhm
942 2531 986 2552 zu

245 2569 462 2610 verdienen‚
489 2570 666 2613 entzogen
693 2567 853 2609 werden,
880 2577 986 2601 wenn

245 2615 333 2651 kein
359 2616 473 2661 Krieg
499 2616 535 2650 in
563 2615 695 2650 Italien
721 2618 819 2649 ware
845 2624 878 2649 u.
900 2626 926 2648 s.
943 2625 985 2647 w,

246 2683 289 2688 —
311 2664 344 2698 si
368 2663 417 2697 ist
443 2665 626 2708 pragnant
646 2679 688 2691 =
710 2663 775 2705 ita,
800 2662 832 2696 si
853 2672 922 2695 nur
947 2660 985 2693 in

244 2712 330 2745 dem
356 2710 472 2754 Falle,
497 2722 614 2745 wenn.

292 2769 537 2814 quaereretur]
571 2768 727 2803 <leutsch
762 2767 830 2802 mit
861 2766 984 2800 Hfilfs-

246 2817 417 2851 verbum:
439 2817 521 2859 „bei
537 2817 662 2851 dessen
678 2815 886 2860 Besiegung
900 2813 986 2848 kein

246 2864 366 2897 Ruhm
412 2876 456 2898 zu
496 2864 692 2898 verdienen
730 2864 861 2897 waref‘
912 2861 985 2905 vgl.

246 2922 277 2944 c.
306 2914 362 2954 39,
389 2915 431 2945 21
460 2911 610 2945 Italiam
636 2913 833 2954 spectatura
858 2910 961 2943 irent.

1105 1351 1196 1385 bono
1231 1350 1393 1395 publico]
1432 1362 1540 1393 „zum
1580 1350 1693 1385 Wohl
1731 1350 1795 1385 des

1059 1397 1239 1441 Staates²⁴,
1278 1397 1427 1432 Ablativ
1460 1397 1523 1432 des
1557 1397 1797 1440 Umstande83

1057 1444 1117 1479 bei
1148 1444 1225 1479 Liv.
1260 1444 1344 1479 sehr
1375 1444 1530 1488 beliebt3
1564 1444 1699 1479 ebenso
1733 1442 1803 1479 das

1058 1491 1251 1536 Gegenteil
1266 1493 1420 1536 pessimo
1435 1493 1600 1536 publico,
1621 1492 1671 1526 im
1686 1491 1799 1527 Dativ

1058 1542 1077 1580 ξ
1105 1544 1121 1573 1
1150 1540 1240 1574 bono
1263 1540 1418 1583 publico.

1105 1588 1172 1621 isse
1203 1587 1382 1632 ereptum]
1418 1587 1464 1620 da
1495 1597 1566 1621 von
1598 1585 1700 1621 einer
1730 1585 1797 1620 Be-

1057 1645 1215 1678 wegung
1240 1634 1290 1667 im
1316 1634 1455 1668 Raume
1481 1633 1584 1668 nieht
1610 1633 1669 1668 die
1694 1633 1795 1667 Rede

1055 1681 1116 1723 ist,
1141 1681 1207 1715 hat
1231 1682 1300 1715 'isse
1321 1680 1391 1715 mit
1416 1680 1501 1715 dem
1522 1679 1701 1725 Supinum
1728 1680 1799 1714 den

1057 1727 1147 1762 Sinn
1167 1733 1306 1771 „etwas
1320 1740 1364 1762 zu
1378 1728 1470 1762 thun
1485 1727 1798 1772 beabsichtigen“‚

1057 1775 1138 1810 eine
1164 1776 1268 1810 mehr
1295 1775 1448 1819 vulgare
1476 1775 1689 1819 Wendung3
1725 1774 1798 1818 vgl.

1056 1822 1116 1864 39,
1145 1827 1199 1866 10,
1225 1828 1246 1856 4
1272 1833 1368 1866 spem
1393 1824 1570 1867 vitamque
1595 1825 1695 1856 tuam
1716 1832 1798 1866 per-

1051 1869 1174 1904 ditum
1204 1871 1257 1904 ire
1287 1871 1350 1905 hoe
1380 1870 1477 1913 facto
1504 1874 1688 1914 properat.
1739 1867 1798 1912 32,

1057 1921 1119 1959 22,
1156 1922 1176 1952 6
1209 1921 1345 1962 96πτ6ηι
1376 1918 1582 1952 universam
1613 1916 1799 1961 perditum

1057 1965 1134 1999 iret.

1105 2017 1137 2046 3.
1158 2011 1310 2046 Italiam
1331 2011 1504 2057 obsideat]
1527 2011 1591 2045 der
1605 2009 1798 2045 Ausdruck

1059 2058 1147 2094 lassi:
1167 2059 1226 2093 die
1240 2059 1304 2093 ihu
1319 2059 1373 2093 als
1389 2058 1544 2093 bildlich
1557 2057 1799 2093 einffihrende

1058 2106 1226 2141 Partikel
1250 2107 1344 2140 velut
1364 2107 1577 2146 vermissen3
1605 2104 1704 2139 diese
1725 2103 1798 2138 Me-

1060 2153 1192 2198 tapher
1212 2154 1326 2187 finden
1346 2153 1425 2187 sich.
1447 2153 1504 2187 bei
1523 2151 1599 2187 Liv.
1614 2163 1681 2185 nur
1700 2151 1797 2193 hier3

1060 2201 1134 2245 vgl.
1152 2200 1288 2245 jedoch
1313 2200 1373 2244 40,
1395 2204 1450 2242 20,
1472 2203 1491 2233 5
1512 2199 1667 2234 obsideri
1692 2208 1799 2233 awres

1060 2261 1083 2283 a
1107 2249 1233 2292 fratre.

1103 2295 1304 2339 paenitebit
1318 2294 1364 2339 te]
1378 2293 1503 2337 „wirst
1514 2293 1562 2327 du
1574 2293 1642 2327 mit
1653 2291 1799 2327 deinem

1058 2342 1202 2377 Ruhme
1234 2341 1470 2375 unzufrieden
1502 2341 1581 2375 sein
1617 2339 1795 2383 durfen,

1060 2389 1144 2423 dich
1170 2388 1289 2423 seiner
1315 2387 1488 2423 schamen
1514 2388 1750 2422 11111666119ιι

1107 2436 1250 2481 titulus]
1279 2435 1478 2479 eigentlich
1510 2435 1569 2470 die
1594 2433 1801 2469 Aufschrift

1059 2483 1124 2518 auf
1159 2484 1278 2517 61116111
1315 2482 1514 2525 Denkma13
1553 2483 1601 2516 da
1637 2479 1799 2516 dieselbe

1059 2529 1293 2575 gewohulich
1318 2530 1378 2564 die
1404 2529 1635 2564 ruhmlichen
1655 2528 1799 2562 Thaten

1055 2578 1249 2623 jemandes
1269 2576 1444 2619 aufzfflnlb,
1468 2577 1588 2611 erhalt
1607 2576 1734 2610 titulus
1754 2591 1798 2604 =

1058 2626 1183 2659 Inhal'c
1208 2625 1309 2659 einer
1329 2623 1551 2666 Aufschrift,
1576 2622 1634 2657 die
1661 2621 1799 2656 Beden-

1058 2677 1168 2717 tung:
1206 2672 1345 2714 Ruhm3
1385 2671 1458 2715 vgl.
1492 2682 1521 2704 6.
1549 2673 1610 2712 46,
1646 2673 1686 2703 16
1720 2680 1799 2703 eum

1059 2720 1198 2764 inqenti
1221 2730 1342 2754 rerum
1361 2719 1406 2753 ab
1431 2729 1467 2753 se
1484 2721 1662 2762 qescarum
1681 2717 1798 2751 titulo.

1060 2767 1200 2802 Stellen
1226 2766 1276 2800 im
1303 2766 1393 2800 Anh.

1107 2819 1139 2848 4.
1165 2813 1254 2859 nisi]
1287 2813 1382 2848 auch
1414 2811 1527 2846 allein
1558 2811 1607 2845 ist
1636 2811 1711 2845 nisi
1740 2811 1800 2845 bei

1059 2861 1135 2896 Liv.
1151 2861 1255 2896 nicht
1269 2860 1385 2894 selten
1399 2860 1438 2892 in
1452 2857 1672 2892 ironischem
1688 2856 1799 2892 Sinne

1061 2925 1104 2937 =
1130 2909 1205 2943 nisi
1228 2908 1320 2950 forte
1339 2907 1591 2950 angewendet.
1620 2905 1678 2948 21,
1701 2909 1758 2948 40,
1780 2909 1798 2940 7
