1953 3278
180 146 206 164 a.
227 139 278 165 Ch.
298 139 357 164 2063.

643 127 784 162 LIBER
810 126 973 162 XXVIII.
1024 127 1124 163 CAP.
1155 132 1207 164 10.
1237 133 1290 164 11.
1682 127 1737 167 23

181 236 226 278 L.
253 235 428 277 Porcius
455 236 625 288 praetor
651 234 906 288 praefuerat,
939 234 1169 290 obtineret,
1209 235 1424 278 decretum
1457 238 1540 288 est,
1579 233 1737 276 iussus-

181 309 260 349 que
298 293 496 348 populari
535 306 661 347 agros
701 292 940 346 Gallorum,
983 294 1055 347 qui
1094 295 1145 335 ad
1187 294 1349 336 Poenos
1389 294 1467 335 sub
1507 292 1735 334 adventum

179 351 461 394 Hasdrubalis
495 351 758 393 defecissent.

821 350 865 393 C.
892 350 1073 393 Servilio
1107 367 1202 394 cum
1237 352 1535 394 Cannensibus
1569 352 1732 393 duabus
1764 363 1804 393 13

178 411 434 466 legionibus,
467 410 576 451 sicut
602 409 646 452 C.
672 409 888 451 Mamilius
916 412 1121 463 tenuerat,
1155 410 1300 453 Sicilia
1332 411 1489 452 tuenda
1522 410 1634 453 data.
1684 424 1734 451 ex
1764 422 1805 451 14

180 468 378 512 Sardinia
396 471 518 510 vetus
543 469 764 521 exercitus,
791 469 858 509 cui
879 469 929 509 A.
950 467 1162 510 Hostilius
1183 470 1440 523 praefuerat,
1467 470 1733 523 deportatus3

178 542 334 570 novam
365 527 590 582 legionem,
623 541 750 582 quam
782 526 846 567 Ti.
879 524 1079 567 Claudius
1114 529 1314 569 traiceret
1348 542 1504 579 secum,
1537 528 1733 569 consules

178 587 531 640 conscripserunt.

595 585 642 634 Q.
675 583 863 637 Claudio,
897 586 945 625 ut
977 584 1222 640 Tarentum,
1257 586 1300 627 C.
1333 586 1520 627 Hostilio
1554 586 1733 639 Tubulo,
1763 597 1803 628 15

179 648 226 686 ut
246 644 439 698 Capuam
461 643 723 698 provinciam
743 642 933 697 haberet,
959 647 1240 698 prorogatum
1262 645 1303 685 in
1325 659 1485 685 annum
1506 645 1733 698 imperium

179 707 255 745 est.

316 703 372 744 M.
404 702 600 744 Valerius
632 702 883 755 proconsul,
925 702 997 756 qui
1029 703 1209 744 tuendae
1242 704 1354 744 circa
1385 701 1576 744 Siciliam
1609 704 1732 744 mari·
1763 715 1803 745 1ss

178 765 322 804 tumae
350 775 447 803 orae
473 759 727 815 praefuerat,
748 760 929 815 triginta
949 760 1129 801 navibus
1158 760 1200 802 C.
1229 760 1408 803 Servilio
1440 761 1609 803 traditis
1638 776 1733 803 cum

180 825 320 862 cetera
353 819 469 861 omni
502 819 638 860 classe
670 818 808 859 redire
841 818 894 860 ad
925 819 1075 860 urbem
1108 820 1259 862 iussus.

295 878 345 919 In
377 878 546 919 civitate
584 880 706 918 tanto
747 877 989 918 discrimine
1027 877 1128 919 belli
1166 880 1367 932 sollicita,
1406 894 1502 921 cum
1541 879 1733 920 omnium
1758 884 1804 919 11

177 937 458 978 secundorum
498 935 855 990 adversorumque
893 950 1042 977 causas
1086 937 1134 977 in
1179 938 1279 979 deos
1324 941 1555 990 verterent,
1599 938 1735 979 multa

175 995 372 1049 prodigia
403 994 734 1035 nuntiabantur:
767 994 1024 1036 Tarracinae
1055 994 1171 1037 Iovis
1204 997 1363 1051 aedem,
1397 995 1550 1038 Satrici
1581 995 1732 1037 Matris
1761 1008 1780 1038 2

174 1053 365 1095 Matutae
399 1053 448 1094 de
481 1053 597 1094 caelo
630 1055 806 1106 tactam3
840 1051 1086 1095 Satricanos
1120 1054 1234 1096 haud
1264 1056 1405 1097 minus
1438 1055 1656 1096 terrebant
1688 1055 1734 1096 in

175 1113 322 1153 aedem
355 1111 469 1153 Iovis
501 1111 665 1153 foribus
693 1112 798 1166 ipsis
832 1111 914 1153 duo
947 1113 1133 1167 perlapsi
1166 1128 1345 1169 angues;
1379 1114 1431 1155 ab
1459 1114 1592 1155 Antio
1624 1128 1734 1155 nun-

173 1171 327 1212 tiatum
355 1173 431 1223 est,
459 1174 657 1212 cruentas
685 1171 821 1224 spicas
849 1171 1109 1212 metentibus
1136 1173 1249 1214 visas
1276 1187 1384 1226 esse3
1418 1171 1550 1214 Caere
1577 1187 1731 1227 porcus
1759 1187 1778 1217 3

173 1229 318 1283 biceps
346 1231 388 1270 et
419 1243 554 1283 agnus
587 1244 678 1270 mas
710 1228 822 1270 idem
848 1229 1089 1285 feminaque
1115 1234 1241 1273 natus
1273 1235 1383 1286 erat3
1416 1234 1458 1273 et
1484 1231 1622 1273 Albae
1649 1231 1731 1273 duo

223 1384 276 1414 14.
296 1383 394 1414 vetas
407 1380 598 1425 exercitus]
623 1379 722 1414 diese
740 1380 915 1424 Truppen

173 1437 295 1461 waren
327 1426 386 1469 23,
419 1430 474 1470 34,
510 1430 552 1461 13
588 1426 657 1460 mit
689 1426 730 1468 Q.
764 1427 915 1461 Fulvius

171 1474 326 1508 Flaccus
353 1474 448 1518 (215)
472 1473 621 1508 dorthin
641 1473 849 1518 geschickt3
877 1484 915 1508 es

170 1522 313 1565 geniigt
349 1521 407 1554 fiir
451 1520 510 1554 die
547 1520 644 1555 Insel
685 1520 780 1565 jetzt
817 1520 915 1556 eine

171 1567 322 1611 Legion.

219 1630 272 1660 16.
307 1636 385 1660 cum
411 1629 524 1660 cetera
559 1627 657 1660 omni
688 1627 812 1672 classe]
852 1627 914 1661 da-

169 1672 240 1707 mit
270 1672 320 1707 ist
353 1672 416 1707 der
450 1672 626 1717 Seekrieg
663 1672 717 1708 als
756 1674 915 1709 beendet

170 1731 214 1753 zu
247 1717 464 1754 betrachten
490 1720 563 1754 und
596 1720 655 1755 die
681 1721 776 1755 nach
802 1721 914 1755 rom-i-

170 1766 296 1801 schem
324 1766 466 1801 Brauch
491 1779 560 1800 nur
584 1767 643 1801 fiir
668 1767 738 1801 den
765 1767 912 1812 Kriegs-

169 1813 238 1847 fall
264 1813 452 1857 gebildete
478 1813 599 1848 Flotte
633 1813 708 1848 lo'st
734 1814 813 1848 sich
839 1815 911 1849 auf.

218 1916 252 1942 c.
282 1905 340 1949 11,
369 1910 492 1941 1—12.
533 1907 790 1951 Prodigien.
831 1907 912 1942 Re-

168 1953 487 1998 organisation
514 1953 589 1988 der
619 1954 810 1989 inneren
836 1955 914 1988 Zu-

169 2000 340 2035 stande.

218 2063 250 2093 1.
277 2061 379 2093 tanto
405 2059 614 2094 discrimine
639 2061 722 2095 belli
739 2061 913 2105 sollicita]

169 2107 317 2150 „erregt
366 2105 483 2140 durch
533 2106 604 2141 den
655 2108 913 2143 bedeutenden

167 2151 433 2197 Wendepunkt
459 2153 522 2187 des
550 2153 738 2199 Krieges“.

213 2212 373 2246 omnium
400 2212 636 2247 secundorum
661 2214 911 2249 adversorum-

166 2258 248 2303 que]
289 2259 383 2292 auch
410 2258 559 2302 oblique
587 2258 700 2295 Casus
739 2261 805 2295 der
830 2261 912 2296 sub-

168 2304 426 2339 stantivierten
446 2306 595 2348 Neutra,
622 2306 822 2343 besonders
849 2308 912 2343 des

167 2350 308 2392 Plural,
335 2351 416 2385 sind
444 2352 552 2395 (ohne
578 2353 825 2399 Priiposition)
853 2355 913 2390 bei

168 2397 248 2432 Liv.
264 2398 303 2431 in
317 2398 527 2442 Gebrauch3
543 2400 617 2444 vgl.
632 2400 667 2444 3,
683 2405 738 2444 37,
755 2405 774 2435 2
790 2403 909 2437 taedio

161 2445 429 2489 praesentiam
465 2444 662 2482 besonders
687 2449 849 2484 omnium
874 2449 908 2493 5,

167 2495 223 2535 38,
264 2494 284 2525 5
322 2494 429 2526 tanta
453 2493 612 2527 omnium
647 2495 790 2538 oblivio,
834 2497 909 2531 und

167 2538 323 2573 stehend
338 2538 371 2580 1,
389 2542 420 2581 1,
438 2542 454 2572 1
483 2539 556 2573 iam
565 2541 726 2584 primum
736 2544 906 2578 omnium.

167 2585 274 2620 Doch
299 2585 403 2619 nicht
423 2586 541 2620 selten
560 2587 608 2621 ist
626 2587 720 2622 auc‘h
740 2590 798 2624 die
820 2588 924 2624 Um—'

166 2632 390 2676 schreibung
415 2632 484 2666 mit
508 2643 580 2674 res,
616 2635 689 2678 vgl.
715 2635 775 2679 41,
802 2640 835 2680 2,
866 2641 907 2671 12

166 2689 327 2713 ommam
352 2690 472 2714 rerum
497 2681 647 2724 copiam.

213 2748 343 2772 causas
362 2738 403 2772 in
422 2737 504 2773 deos
522 2739 710 2784 verterent]
727 2739 809 2783 „die
820 2739 909 2775 Ver-

166 2784 414 2829 anlassungen
447 2785 516 2820 den
543 2785 699 2820 Gottern
725 2787 908 2822 zuschrie—

164 2829 278 2874 ben“,
311 2832 452 2866 sowohl
485 2831 589 2867 aktiv
626 2833 686 2875 26,
719 2837 775 2876 45,
810 2838 829 2868 9
869 2835 910 2869 in

160 2878 373 2923 prodigium
406 2889 448 2914 ac
483 2879 564 2914 deos
594 2883 729 2915 vertens
766 2880 801 2925 4,
828 2885 860 2924 9,
888 2884 907 2915 3

988 1381 1029 1415 in
1055 1382 1158 1415 (lcum
1184 1382 1260 1416 iras
1284 1402 1322 1405 —
1348 1385 1502 1425 vertant,
1530 1382 1584 1416 als
1610 1382 1733 1427 passiv

988 1427 1048 1470 26,
1077 1431 1130 1470 11,
1154 1432 1175 1462 4
1202 1429 1239 1462 in
1262 1429 1469 1472 religionem
1489 1441 1530 1464 ea
1549 1440 1604 1464 res
1632 1431 1734 1474 apud

991 1475 1130 1510 Poenos
1155 1486 1268 1511 versa.
1318 1475 1378 1519 30,
1406 1479 1460 1520 38,
1498 1480 1541 1510 10
1577 1478 1616 1511 in
1648 1478 1730 1512 reli-

987 1532 1127 1566 monem
1152 1533 1264 1558 versa.

1036 1584 1066 1614 2.
1111 1581 1350 1627 Tarracinae]
1385 1593 1447 1615 zur
1479 1582 1733 1626 Vermeidung

989 1628 1053 1662 der
1073 1627 1329 1673 Eintonigkeit
1348 1628 1475 1673 folgen
1489 1640 1560 1663 von
1580 1628 1659 1663 hier
1675 1629 1731 1664 bis

986 1679 1096 1709 natas
1110 1679 1187 1710 erat
1206 1679 1225 1717 ξ
1239 1680 1259 1709 3
1280 1675 1366 1710 ffinf
1382 1675 1532 1710 Glieder
1552 1687 1624 1710 von
1644 1676 1730 1711 Pro-

987 1720 1113 1766 digien
1133 1721 1387 1767 asyndetisch3
1409 1733 1482 1757 von
1501 1726 1533 1757 et
1549 1723 1665 1758 Albae
1685 1724 1731 1758 ab

985 1769 1070 1803 ffinf
1093 1769 1245 1804 Glieder
1270 1769 1587 1813 polysyndetisch.

1034 1827 1188 1873 Satrici]
1241 1828 1424 1862 Satricum
1476 1828 1615 1863 unweit
1667 1828 1733 1863 der

985 1874 1100 1909 Kfiste
1126 1875 1299 1909 nordlich
1325 1886 1397 1910 von
1424 1875 1586 1911 Antium.

1037 1934 1178 1968 ElIatris
1229 1934 1415 1979 Blatutae]
1470 1934 1730 1979 urspriinglich

989 1980 1115 2014 Gettin
1131 1980 1195 2015 des
1209 1980 1497 2025 Morgenlichtes
1510 1982 1598 2026 (vgl.
1615 1985 1730 2015 mata-

987 2028 1118 2070 timcs),
1151 2029 1276 2071 spater
1307 2027 1377 2061 mit
1401 2027 1610 2062 Leucothea
1643 2029 1731 2063 oder

985 2074 1081 2108 Juno
1126 2073 1374 2109 identificiert.
1436 2075 1478 2109 In
1521 2076 1615 2110 Rom
1659 2076 1731 2110 soll

988 2120 1136 2155 Servius
1168 2121 1310 2155 Tullius
1342 2122 1400 2155 ihr
1438 2122 1546 2156 einen
1576 2121 1730 2166 Tempel

985 2168 1125 2212 gebaut
1149 2168 1287 2212 haben3
1315 2168 1389 2213 vgl.
1416 2169 1450 2211 5,
1480 2173 1534 2211 19,
1561 2173 1592 2204 6.

1031 2227 1207 2273 perlapsi]
1242 2227 1318 2262 labi
1349 2228 1398 2262 ist
1427 2228 1540 2261 stetes
1565 2227 1730 2262 Verbum

986 2285 1058 2308 von
1080 2274 1292 2319 Bewegung
1317 2275 1383 2309 der
1403 2274 1625 2319 Scfflangen,
1653 2275 1728 2319 vgl.

985 2320 1045 2363 26,
1063 2324 1117 2362 19,
1133 2325 1151 2355 7
1173 2332 1216 2356 ea:
1229 2322 1342 2356 oeulis
1355 2322 1522 2366 elapsam.
1556 2321 1616 2365 25,
1639 2326 1693 2366 16,
1708 2326 1728 2357 2

985 2368 1131 2412 adlapsi
1140 2381 1152 2409 ‚·
1177 2369 1273 2403 doch
1293 2369 1459 2413 perlapsi
1484 2381 1552 2403 nur
1577 2369 1686 2405 hier.

1032 2416 1077 2449 ab
1109 2416 1240 2460 Antio]
1275 2416 1337 2458 ab,
1377 2415 1460 2450 weil
1498 2415 1563 2450 das
1602 2416 1729 2451 Prodi-

982 2461 1085 2506 gium
1117 2462 1196 2496 sich
1227 2463 1266 2496 in
1298 2463 1362 2497 der
1386 2462 1492 2497 Nahe
1529 2463 1594 2497 der
1621 2463 1730 2498 Stadt

982 2510 1127 2553 zutrug:
1178 2509 1253 2554 vgl.
1287 2509 1352 2552 22,
1394 2514 1430 2553 1,
1465 2513 1507 2544 10
1545 2513 1578 2544 et
1620 2510 1730 2544 Antia·

981 2556 1191 2590 metentibus
1210 2560 1378 2591 cruentas
1398 2557 1438 2591 in
1455 2557 1591 2591 corbem
1608 2558 1729 2601 spicas

983 2603 1159 2638 cecidisse.

1030 2653 1062 2684 3.
1095 2660 1172 2684 mas
1198 2650 1291 2684 idem
1315 2650 1532 2695 feminaque]
1567 2661 1629 2684 zur
1662 2651 1728 2685 Be·

982 2696 1188 2740 zeichnung
1223 2697 1286 2731 des
1319 2696 1611 2732 Zwitterwesens
1644 2700 1727 2743 sagt

981 2741 1060 2776 Liv.
1088 2742 1147 2784 27,
1178 2748 1232 2784 11,
1259 2747 1279 2776 5
1313 2744 1481 2788 ambiguo
1519 2745 1614 2778 inter
1651 2756 1726 2779 ma-

982 2799 1055 2822 rem
1098 2800 1141 2823 ac
1184 2790 1356 2831 feminam
1398 2801 1486 2824 sera
1536 2792 1725 2834 infantem.

983 2846 1011 2869 c.
1039 2839 1094 2878 37,
1128 2839 1147 2870 5
1192 2837 1350 2872 incertus
1381 2848 1458 2872 mas
1489 2849 1539 2872 an
1569 2839 1726 2881 femina,-

982 2883 1106 2926 spater
1158 2882 1277 2918 bildet
1325 2894 1364 2918 er
1412 2885 1593 2929 sentimas,
1649 2886 1726 2931 vgl.
