1953 3278
630 143 772 178 LIBER
799 143 962 178 xxvm.
1014 142 1115 178 CAP.
1146 146 1198 176 17.
1636 138 1692 179 39

136 165 162 182 a.
186 158 235 181 (fh.
257 157 315 182 20⁰3.

138 267 341 309 magnum
381 251 427 292 in
465 252 609 293 omnia
650 255 910 293 momentum
944 249 1118 304 Syphax
1157 248 1389 290 adfectanti
1420 260 1486 287 res
1520 245 1690 287 Africae
1720 256 1761 284 ιι)

139 316 246 365 erat,
279 310 627 364 opulentissimus
662 311 749 351 eius
783 313 920 351 terrae
953 323 1042 362 rex,
1083 308 1192 349 bello
1226 308 1310 348 iam
1345 307 1543 360 expertus
1575 304 1691 357 ipsos

142 369 528 424 Carthaginienses,
561 370 714 410 finibus
748 369 876 409 etiam
910 367 1030 421 regni
1065 370 1162 420 apte
1197 366 1248 406 ad
1282 364 1549 419 Hispaniam,
1580 362 1692 416 quod

141 428 247 470 freto
287 428 440 482 exiguo
481 427 755 479 dirimuntur,
797 426 960 480 positis.
1023 425 1199 478 dignam
1238 424 1382 477 itaque
1421 437 1510 464 rem
1549 419 1691 475 Scipio

140 489 270 540 ratus,
301 500 421 540 quae,
453 487 653 540 quoniam
681 486 805 527 aliter
830 499 916 525 non
943 486 1099 537 posset,
1132 495 1289 536 magno
1317 482 1504 535 periculo
1532 482 1692 534 petere-

140 547 225 597 tur,
270 544 314 586 L.
353 544 512 586 Marcio
552 545 806 595 Tarracone,
850 541 906 583 M.
940 541 1086 582 Silano
1125 539 1385 594 Carthagine
1424 539 1565 591 Nova,
1611 552 1693 592 quo

140 602 316 657 pedibus
350 603 402 644 ab
436 603 675 644 Tarracone
713 600 939 642 itineribus
979 599 1147 653 magnis
1180 599 1304 650 ierat,
1343 598 1395 638 ad
1435 597 1694 651 praesidium

139 661 371 716 Hispaniae
405 661 576 714 relictis,
611 661 702 714 ipse
735 674 829 700 cum
863 657 906 700 C.
939 657 1084 699 Laelio
1118 657 1282 698 duabus
1316 656 1691 710 quinqueremibus

142 721 195 762 ab
241 719 499 774 Carthagine
549 718 764 772 profectus
815 716 1048 771 tranquillo
1101 716 1209 756 mari
1260 715 1502 768 plurumum
1553 714 1694 767 remis,

139 779 352 820 interdum
390 781 432 818 et
469 777 553 817 leni
591 776 818 818 adiuvante
856 778 983 816 vento
1023 775 1066 815 in
1105 774 1296 815 Africam
1335 772 1513 814 traiecit.
1584 772 1693 813 forte

138 838 199 878 ita
238 836 401 889 incidit,
446 838 492 876 ut
536 849 584 877 eo
625 835 716 889 ipso
761 838 953 888 tempore
991 832 1237 874 Hasdrubal
1283 832 1430 887 pulsus
1469 830 1693 885 Hispania,

139 898 303 949 septem
334 894 579 935 triremibus
612 896 785 947 portum
817 893 1027 945 invectus,
1065 892 1233 933 ancoris
1266 890 1417 945 positis
1450 893 1589 931 terrae
1623 889 1693 929 ad-

135 954 316 1008 plicaret
347 966 496 1006 naves,
529 967 625 994 cum
658 954 911 1006 conspectae
943 951 1050 992 duae
1083 951 1426 1005 quinqueremes,
1458 948 1573 990 haud
1607 948 1692 989 cui·

136 1026 264 1066 quam
291 1010 433 1064 dubio,
463 1011 564 1065 quin
590 1011 778 1052 hostium
805 1012 947 1051 essent
974 1009 1242 1064 opprimique
1270 1024 1294 1049 a
1320 1007 1528 1062 pluribus,
1559 1007 1693 1061 prius-

137 1084 266 1124 quam
298 1072 468 1123 portum
501 1070 728 1123 intrarent,
767 1070 961 1123 possent,
999 1068 1107 1109 nihil
1146 1067 1262 1109 aliud
1300 1081 1428 1121 quam
1460 1065 1695 1106 tumultum

136 1143 185 1170 ac
217 1128 547 1182 trepidationem
575 1129 701 1169 simul
732 1128 915 1169 militum
943 1141 991 1168 ae
1017 1129 1245 1168 nautarum
1270 1125 1530 1180 nequiquam
1557 1138 1696 1165 arma-

138 1201 218 1242 que
257 1191 301 1228 et
336 1201 464 1228 naves
505 1186 817 1241 expedientium
856 1186 1059 1227 fecerunt.
1122 1199 1323 1239 percussa
1362 1184 1476 1225 enim
1516 1197 1567 1224 ex
1605 1183 1693 1224 alto

137 1246 233 1286 vela
263 1245 391 1299 paulo
425 1246 577 1287 acriori
615 1248 742 1287 vento
780 1245 899 1299 prius
931 1245 976 1285 in
1013 1247 1184 1298 portum
1222 1243 1461 1284 intulerunt
1493 1242 1694 1296 quinque-

135 1318 290 1357 remes,
330 1319 456 1358 quam
494 1304 626 1345 Poeni
664 1319 842 1346 ancoras
883 1304 1153 1357 molirentur,
1192 1316 1268 1343 nec
1305 1302 1422 1342 ultra
1462 1300 1693 1341 tumultum

136 1363 247 1404 ciere
287 1363 511 1417 quisquam
549 1363 594 1403 in
631 1363 750 1418 regio
788 1365 915 1418 portu
955 1361 1150 1403 audebat.
1212 1361 1272 1401 ita
1304 1361 1349 1401 in
1386 1362 1546 1400 terram
1577 1359 1694 1413 prior

134 1420 403 1475 Hasdrubal,
441 1436 539 1463 mox
572 1420 714 1476 Scipio
755 1424 798 1463 et
829 1420 998 1463 Laelius
1038 1420 1198 1475 egressi
1238 1418 1291 1460 ad
1323 1432 1468 1473 regem
1499 1419 1696 1472 pergunt.

188 1588 240 1619 10.
262 1595 432 1629 maynum
452 1585 493 1618 in
506 1585 628 1618 omnia
648 1584 876 1629 momentum]

131 1631 200 1675 .„in
235 1631 342 1676 jeder
378 1630 590 1675 Beziehung
627 1631 692 1664 der
726 1633 879 1665 wesent-

139 1677 273 1713 lichste
281 1677 452 1720 Faktor“,
462 1678 536 1722 vgl.
546 1677 606 1720 21,
615 1681 647 1720 4,
656 1681 676 1711 2
693 1678 880 1711 ›ninimum

135 1728 350 1760 momentum
390 1726 444 1760 acl
486 1726 645 1767 favorem¹
683 1725 880 1759 concilian-

140 1773 243 1814 dum3
270 1771 546 1817 gewohnlioher
565 1772 690 1816 ‘nzaqni
714 1772 880 1806 momenti

137 1822 187 1854 est
197 1820 332 1863 aliquis
347 1820 394 1853 ad
409 1819 492 1863 aliq.
504 1830 597 1859 rem,·
612 1819 700 1853 oder
710 1829 880 1862 magnum

138 1869 350 1901 momentum
375 1869 425 1901 est
448 1867 490 1900 in
515 1866 647 1909 aliquo.

186 1925 388 1968 adfectanti
413 1934 467 1958 res
494 1923 661 1968 Africae]
696 1923 779 1966 „bei
811 1923 877 1958 sei-

137 1983 223 2006 nem
267 1971 478 2015 Verlangen
521 1972 558 2004 in
602 1970 750 2004 Afrikas
790 1969 879 2005 Ver-

138 2017 318 2053 h‘altnisse
355 2017 641 2062 einzugreifen“.
686 2018 879 2059 adfectare,

137 2065 283 2100 starker
314 2065 368 2099 als
401 2068 581 2108 appetere,
618 2064 685 2099 hat
718 2064 772 2098 oft
809 2064 880 2098 den

136 2112 366 2147 Nebensinn:
394 2111 692 2146 widerrechtlich
712 2111 806 2145 nach
827 2112 879 2145 et-

140 2169 217 2193 was
237 2160 418 2201 trachten,
434 2169 472 2193 so
486 2158 713 2193 namentlich
733 2168 882 2202 reynum

137 2206 330 2248 adfectare,
357 2206 430 2249 vgl.
459 2205 492 2247 1,
520 2209 574 2247 35,
603 2209 633 2239 3.

184 2264 321 2307 finibus
347 2284 390 2289 —
417 2267 498 2308 apte
523 2284 569 2289 —
596 2263 746 2309 positis]
781 2263 882 2306 „sein

138 2310 257 2346 Reioh
295 2311 358 2355 lag
391 2311 549 2354 bequem
585 2310 644 2344 fiir
682 2309 880 2355 Spanien“,

140 2357 176 2392 d.
192 2357 225 2391 h.
254 2357 310 2391 fiir
336 2357 416 2391 eine
435 2357 676 2402 Verbindung
701 2357 771 2391 mit
790 2356 881 2401 Spa-

140 2404 238 2438 nien.
256 2423 301 2428 —-
323 2407 404 2447 apte
422 2403 483 2438 bei
497 2404 883 2448 Ortsbestimmungen

137 2450 214 2495 vgl.
249 2449 316 2493 25,
351 2454 410 2493 15,
445 2454 488 2484 10
526 2452 675 2485 collibus
711 2454 794 2495 apte
838 2471 881 2476 —

142 2498 328 2542 oppositis.
355 2496 389 2534 4.
405 2500 460 2539 37,
476 2500 497 2531 8
517 2498 631 2541 equite
651 2502 732 2542 apte
757 2499 880 2532 locato.

136 2543 202 2587 23,
226 2548 257 2587 1,
279 2548 298 2578 6
325 2547 407 2589 apte
432 2564 476 2568 —
502 2544 690 2588 disposuit.
717 2544 777 2587 22,
791 2548 847 2587 28,
862 2548 881 2578 7

142 2591 258 2626 locum
293 2595 375 2635 apte
406 2591 578 2632 insidere3
619 2591 690 2635 vgl.
717 2602 746 2625 c.
776 2595 836 2635 13,
863 2595 883 2625 6

143 2641 344 2682 opportune
369 2638 417 2672 ad
441 2638 482 2672 id
500 2638 671 2681 position.

191 2700 244 2730 13.
270 2697 364 2740 forte
391 2697 443 2730 ita
469 2695 614 2741 incidit]
641 2695 803 2730 beliebte
823 2696 884 2730 Li-

140 2742 330 2778 vianische
349 2742 558 2787 Wendung,
585 2742 659 2786 vgl.
681 2741 742 2786 26,
768 2746 824 2785 23,
850 2746 882 2778 2.

141 2790 175 2833 1,
202 2794 259 2835 46,
286 2794 305 2824 5
332 2802 367 2825 u.
393 2801 424 2825 0.

183 2851 334 2893 portum
375 2848 550 2894 invectus]
596 2858 635 2882 so
682 2848 803 2882 invehi
845 2847 884 2881 in

140 2894 407 2941 eigentlichem
428 2896 538 2933 Sinne
558 2894 798 2939 regelmassig
821 2894 883 2929 bei

951 1582 1046 1624 Liv.;
1067 1583 1141 1627 vgl.
1159 1582 1218 1625 38,
1236 1586 1265 1625 7,
1282 1585 1300 1615 2
1320 1580 1544 1616 Corinthium
1563 1581 1696 1614 sinum.

951 1629 1017 1673 44,
1045 1634 1082 1672 7,
1111 1633 1153 1663 10
1181 1630 1226 1664 ab
1257 1629 1406 1663 invectis
1436 1629 1510 1662 iam
1535 1630 1694 1672 portum.

952 1676 1044 1711 Eine
1054 1677 1192 1711 nahere
1203 1674 1463 1718 Bezeichnung
1473 1674 1538 1709 des
1548 1674 1696 1716 Hafens,

953 1725 1060 1758 unter
1086 1724 1265 1758 welchem
1290 1722 1388 1757 wohl
1420 1721 1484 1756 der
1510 1732 1581 1756 von
1609 1720 1697 1765 Siga

952 1771 990 1805 in
1028 1769 1285 1805 Mauretanien
1318 1781 1362 1802 zu
1400 1769 1597 1803 verstehen
1637 1768 1695 1810 ist,

953 1821 1050 1852 ware
1077 1817 1296 1852 erwiinscht.

999 1868 1114 1899 terrae
1134 1865 1337 1908 adplicaret
1362 1862 1486 1906 nares]
1511 1862 1697 1905 adplicare

952 1923 1038 1946 vom
1076 1910 1226 1945 Landen
1264 1910 1329 1944 der
1367 1909 1501 1944 Schiffe
1533 1909 1608 1953 vgl.
1634 1907 1694 1951 33,

955 1963 1014 2001 17,
1046 1961 1066 1991 2
1101 1959 1154 1992 ad
1185 1957 1369 1991 Heraeam
1401 1975 1445 1980 —-
1477 1966 1595 1990 naves.
1635 1955 1695 1997 37,

955 2009 1009 2048 12,
1038 2008 1080 2039 10
1106 2005 1153 2038 in
1178 2004 1396 2049 Erytlzream
1421 2015 1455 2038 n.
1483 2001 1543 2046 44,
1570 2006 1626 2044 32,
1654 2006 1694 2043 ὃς

953 2051 1047 2087 ohne
1081 2051 1219 2096 Objekt
1250 2050 1314 2094 26,
1342 2054 1405 2093 44,
1441 2054 1482 2083 11
1515 2050 1601 2084 dum
1633 2049 1696 2084 ad-

949 2100 1101 2143 plicant.

1001 2157 1082 2180 eum
1125 2147 1331 2189 conspectae
1383 2144 1476 2178 duae
1524 2143 1696 2188 quinque-

954 2192 1077 2238 remes]
1112 2203 1199 2226 man
1237 2191 1346 2226 sollte
1381 2191 1578 2234 erwarten,
1617 2189 1697 2224 dass

954 2239 1023 2274 mit
1048 2238 1203 2284 Angabe
1237 2237 1355 2272 dieses
1388 2237 1442 2271 als
1469 2237 1697 2271 unerwartet

953 2286 1217 2321 bezeichneten
1228 2284 1455 2329 Ereignisses
1470 2284 1529 2318 die
1541 2283 1696 2319 Periode

955 2346 1000 2367 zu
1031 2333 1133 2367 Ende
1166 2335 1281 2373 ware3
1321 2332 1417 2366 doch
1449 2330 1586 2375 knfipft
1615 2330 1694 2365 Liv.

955 2380 1077 2425 gleich
1104 2380 1176 2414 den
1200 2380 1378 2423 Ausgang
1403 2378 1467 2413 des
1489 2376 1696 2412 Zwischen-

954 2427 1040 2462 falls
1060 2437 1125 2461 an:
1152 2427 1200 2460 da
1220 2427 1364 2470 erregte
1387 2425 1452 2459 der
1471 2424 1631 2459 Anblick
1650 2444 1694 2449 —

955 2474 1188 2519 Aufregung‚
1211 2472 1346 2518 jedoch
1369 2471 1618 2516 vergebliche.

1005 2524 1059 2554 14.
1097 2521 1198 2555 haud
1241 2520 1410 2564 cuiquam
1452 2518 1579 2563 dubio]
1625 2528 1697 2552 von

956 2567 1083 2602 Livius
1104 2567 1150 2602 ab
1174 2566 1294 2601 erhalt
1313 2566 1378 2601 der
1398 2566 1603 2607 Gebrauch‚
1623 2575 1697 2599 von

957 2614 1043 2649 dem
1079 2613 1391 2658 unpersonlichen
1423 2612 1520 2647 Perf.
1553 2611 1697 2646 Passivi

959 2661 1066 2696 einen
1085 2661 1209 2695 Ablat.
1221 2659 1337 2695 absol.
1358 2671 1402 2693 zu
1415 2659 1540 2693 bilden
1555 2659 1696 2702 (audito

958 2708 1128 2742 debellato
1148 2709 1300 2749 U.s.w.)‚
1326 2705 1421 2739 auch
1441 2705 1507 2739 auf
1527 2705 1696 2740 neutrale

956 2754 1154 2798 Adjectiva
1189 2753 1289 2788 seine
1320 2752 1590 2796 Ausdehnung3
1622 2751 1696 2796 vgl.

958 2812 985 2835 c.
1022 2804 1084 2844 36,
1122 2804 1163 2834 12
1214 2801 1349 2834 incerto
1395 2810 1485 2843 prae
1533 2799 1698 2841 tenebris,

955 2848 1045 2891 quid
1076 2850 1141 2881 aut
1173 2850 1331 2891 peterent
1361 2849 1426 2881 aut
1456 2846 1626 2889 vitarent,
1660 2857 1697 2882 u.

956 2905 986 2929 c.
1007 2898 1062 2938 21,
1091 2898 1121 2928 5.

1723 439 1757 467 11

1723 676 1763 705 12

1725 794 1764 823 13

1722 968 1765 998 14

1725 1204 1765 1234 15

1724 1324 1764 1353 16
