1953 3278
154 153 179 170 a.
200 145 250 171 Ch.
272 146 330 171 207.
664 135 805 170 LIBER
832 136 1000 171 xxviii.
1053 136 1153 171 CAP.
1182 141 1211 169 5.
1656 137 1705 177 11

153 243 283 297 regiis
317 242 494 284 ducibus
527 256 620 283 cum
649 243 764 284 mille
791 243 986 297 peltastis
1025 268 1072 274 —
1110 244 1225 298 pelta
1252 246 1420 285 caetrae
1447 243 1560 285 haud
1587 243 1707 285 dissi·

154 302 266 342 milis
298 304 366 342 est
399 324 448 330 —
485 299 730 342 Chalcidem
763 302 914 355 mittit3
953 303 1086 344 additi
1120 302 1345 356 quingenti
1377 302 1628 357 Agrianum,
1661 306 1708 343 ut
1737 312 1776 342 12

152 374 298 401 omnes
337 360 503 401 insulae
543 360 675 413 partis
715 361 822 401 tueri
860 364 1017 414 posset.
1086 362 1176 414 ipse
1217 360 1466 402 Scotussam
1510 364 1575 402 est
1611 375 1705 414 pro-

151 417 305 471 fectus,
344 418 574 472 eodemque
613 419 666 459 ab
698 418 850 460 Larisa
882 418 1162 460 Macedonum
1195 420 1340 473 copias
1373 420 1537 461 traduci
1569 420 1706 461 iussit.

151 490 200 517 eo
226 477 470 518 nuntiatum
498 480 563 518 est
589 477 815 519 concilium
844 477 1008 519 Aetolis
1036 477 1286 518 Heracleam
1314 477 1518 519 indictum
1545 492 1706 533 regem·
1737 487 1777 517 13

150 548 231 588 que
275 534 474 577 Attalum
521 535 573 577 ad
625 534 950 576 consultandum
1000 536 1050 576 de
1101 549 1268 576 summa
1318 536 1419 576 belli
1470 539 1708 578 venturum.

149 593 263 635 hunc
295 597 549 635 conventum
583 596 630 635 ut
660 594 855 634 turbaret
881 593 1022 634 subito
1051 594 1246 646 adventu,
1279 594 1447 647 magnis
1480 595 1705 637 itineribus
1735 604 1777 634 14

150 651 404 694 Heracleam
437 653 569 694 duxit.
632 654 674 692 et
705 652 885 693 concilio
919 652 1089 706 quidem
1128 652 1306 693 dimisso
1345 653 1431 693 iam
1470 654 1603 705 venit,
1643 668 1707 694 se·
1736 663 1777 693 15

151 711 321 764 getibus
353 715 509 764 tamen,
542 724 650 764 quae
683 710 767 751 iam
800 724 932 765 prope
963 711 1258 752 maturitatem
1285 714 1418 763 erant,
1451 712 1635 752 maxime
1662 712 1707 752 in

150 769 246 810 sinu
279 769 522 811 Aenianum
557 769 760 810 evastatis
795 768 1041 810 Scotussam
1079 769 1224 823 copias
1264 769 1436 811 reducit.
1500 769 1559 810 ibi
1592 784 1705 811 exer-

150 828 237 868 citu
269 828 384 869 omni
418 827 565 868 relicto
599 841 693 868 cum
727 827 900 869 cohorte
931 828 1052 882 regia
1078 827 1394 869 Demetriadem
1422 842 1514 869 sese
1544 829 1707 881 recipit.

147 885 263 939 inde,
302 888 349 927 ut
387 886 440 927 ad
480 886 618 927 omnis
656 885 845 927 hostium
884 888 1025 928 motus
1064 888 1212 940 posset
1244 900 1481 938 occurrere,
1520 887 1565 927 in
1597 886 1705 928 Pho·
1736 897 1777 927 16

147 943 282 985 cidem
310 946 438 998 atque
465 944 687 985 Euboeam
719 947 762 986 et
785 944 1070 999 Peparethum
1103 945 1250 996 mittit,
1283 945 1355 999 qui
1388 946 1482 987 loca
1511 945 1601 986 alta
1633 946 1705 986 eli-

147 1005 314 1057 gerent,
346 1003 458 1057 unde
491 1003 592 1044 editi
624 1004 744 1058 ignes
779 1007 1052 1058 apparerent3
1093 1004 1185 1058 ipse
1217 1003 1261 1044 in
1294 1004 1447 1046 Tisaeo
1488 1028 1544 1033 —
1583 1018 1704 1045 mons
1736 1014 1777 1044 17

146 1063 212 1102 est
236 1061 281 1102 in
307 1061 578 1103 altitudinem
604 1062 822 1116 ingentem
843 1062 1074 1104 cacuminis
1096 1062 1200 1103 editi
1227 1086 1283 1092 —-
1311 1063 1526 1117 speculam
1547 1063 1705 1116 posuit,

145 1121 193 1160 ut
223 1119 398 1175 ignibus
431 1121 578 1174 procul
611 1120 794 1162 sublatis
827 1121 1009 1176 signum,
1042 1121 1115 1162 ubi
1142 1121 1242 1176 quid
1269 1121 1520 1163 molirentur
1545 1121 1704 1174 hostes,

147 1181 366 1220 momento
400 1180 608 1233 temporis
643 1179 865 1233 acciperet.

265 1236 489 1278 Romanus
521 1239 756 1292 imperator
788 1241 829 1279 et
860 1238 1036 1279 Attalus
1068 1253 1141 1279 rex
1175 1253 1199 1279 a
1231 1238 1471 1292 Peparetho
1501 1237 1707 1280 Nicaeam
1736 1247 1777 1279 18

146 1295 424 1349 traiecerunt3
456 1296 553 1337 inde
586 1297 766 1338 classem
798 1297 843 1337 in
872 1296 1092 1338 Euboeam
1126 1297 1178 1338 ad
1205 1297 1354 1338 urbem
1387 1296 1545 1338 Oreum
1571 1300 1706 1338 trans-

1009 1436 1195 1480 evastatis]
1236 1435 1382 1470 scheint
1418 1436 1496 1470 sich
1534 1447 1604 1470 nur
1647 1435 1707 1470 bei

145 1434 248 1469 nicht
278 1434 316 1469 in
347 1436 519 1470 modicus.
576 1436 647 1469 Am
680 1435 890 1480 haufigsten

961 1482 1039 1517 Liv.
1073 1495 1116 1516 zu
1146 1481 1270 1516 finden
1294 1482 1370 1515 und
1402 1481 1462 1516 bei
1493 1482 1571 1516 ihm
1603 1482 1707 1517 nicht

145 1481 340 1516 verbindet
359 1493 397 1516 es
417 1481 497 1516 sich
516 1481 586 1516 mit
604 1483 762 1526 aua‘ilia,
781 1494 888 1526 prae-

145 1528 292 1569 sidium,
313 1528 426 1564 sowie
448 1528 630 1573 Begriffen
651 1530 714 1564 des
729 1530 889 1564 Raumes

144 1574 220 1609 und
238 1575 303 1609 der
323 1575 403 1610 Zeit
428 1577 669 1618 intervallum,
688 1577 768 1618 iter,
794 1577 888 1611 doch

143 1622 237 1657 auch
266 1633 296 1656 c.
323 1626 380 1666 40,
408 1627 426 1657 1
453 1624 596 1658 modica
619 1624 748 1668 gloria.

184 1681 302 1726 pelta]
348 1681 406 1716 die
451 1692 523 1716 von
565 1682 774 1726 Iphikrates
813 1681 888 1716 ein-

146 1728 335 1772 geffihrte,
373 1727 484 1763 meist
514 1729 575 1763 bei
606 1729 677 1763 den
710 1729 890 1764 Soldnern

147 1775 373 1855 gegrauchte
390 1776 488 1820 pelta
508 1786 583 1809 war
602 1776 696 1810 rund
721 1777 798 1810 und
817 1787 890 1811 von

143 1821 194 1856 Le
223 1832 270 1856 er.

190 1869 413 1914 Agrianum]
450 1880 515 1903 aus
548 1869 632 1904 dem
670 1868 888 1904 nordlichen

141 1915 317 1950 Paonien.

192 1962 378 2008 Scotussa]
409 1962 555 1997 sfidlich
575 1974 647 1998 von
667 1962 794 1997 Larisa
813 1963 888 1997 und

145 2009 260 2043 nither
286 2009 352 2043 der
378 2010 494 2044 Kfiste
519 2021 591 2044 von
619 2010 847 2044 Thessalien.

192 2071 245 2103 13.
306 2069 498 2102 coucilium
560 2068 777 2102 Heracleam
833 2069 887 2102 iu-

146 2114 298 2160 dictum]
326 2114 492 2160 gemeint
517 2115 567 2149 ist
592 2115 773 2149 Heraclea
799 2115 888 2149 Tra-

143 2160 268 2196 chinia
312 2173 372 2196 am
413 2161 616 2196 malischen
655 2162 887 2204 Meerbusen3

142 2208 207 2243 der
231 2209 432 2243 Accusativ
464 2209 680 2243 Heracleam
709 2208 778 2243 wie
815 2213 834 2250 ξ
866 2213 886 2242 2

143 2255 326 2290 Larisam.
347 2276 391 2281 ——
412 2257 604 2291 concilium
625 2273 668 2284 =
689 2255 886 2300 politische

142 2301 430 2348 Versammlung
466 2314 538 2338 von
578 2302 885 2345 Nicht-Romern3

143 2348 218 2393 vgl.
245 2349 305 2393 27,
332 2353 388 2392 30,
416 2355 446 2384 6.

191 2411 245 2441 15.
261 2418 375 2451 prope
388 2409 631 2443 maturitatem
645 2409 761 2454 eraut]
771 2419 888 2453 prope

144 2464 218 2488 von
244 2453 309 2488 der
335 2454 414 2489 Zeit
439 2455 494 2488 als
514 2455 748 2500 Pr'aposition
772 2456 886 2490 findet

142 2501 220 2535 sich
239 2500 346 2535 nicht
363 2512 429 2536 vor
448 2500 590 2543 Livius;
611 2503 685 2547 vgl.
704 2502 766 2546 36,
788 2506 844 2547 34,
865 2507 885 2537 2

138 2558 254 2594 prope
278 2549 460 2583 excidium
485 2553 573 2583 erat.

189 2607 231 2641 in
236 2607 323 2641 sinu
330 2607 556 2652 Aenianum]
564 2608 668 2641 sinus
676 2624 720 2636 =
729 2607 887 2642 Kiisten-

144 2653 275 2695 strich3
302 2654 375 2698 vgl.
392 2654 452 2697 37,
467 2658 499 2698 6,
515 2657 535 2687 2
556 2655 595 2688 in
610 2655 730 2688 sirium
746 2654 886 2689 Malia-

143 2710 223 2734 cum
246 2704 392 2735 venerat
418 2704 512 2746 (cum
543 2701 710 2735 tredecim
740 2701 887 2735 milibus

136 2747 324 2790 peditum).
363 2747 431 2782 Die
451 2747 619 2782 Anianen
640 2748 797 2782 wohnen
826 2759 886 2782 am

145 2793 360 2837 Spercheios
420 2794 491 2828 mit
546 2795 610 2829 der
658 2794 887 2839 Hauptstadt

142 2839 310 2885 Hypata3
349 2841 584 2885 gewohnlich
615 2841 728 2876 heisst
766 2841 886 2876 dieser

145 2885 268 2922 Strich
292 2888 403 2931 sinus·
420 2888 617 2924 Maliacus.

963 1530 1097 1571 selten;
1114 1529 1187 1574 vgl.
1200 1540 1228 1563 c.
1242 1532 1298 1571 44,
1313 1532 1356 1563 14
1370 1533 1503 1564 uratur
1516 1532 1706 1564 evastetur-

961 1588 1027 1621 que
1051 1577 1092 1611 in
1116 1579 1227 1611 vicem
1252 1575 1396 1619 Africa.
1447 1577 1520 1620 vgl.
1550 1577 1644 1611 Anh.

1008 1634 1089 1658 cum
1113 1624 1252 1658 cohorte
1277 1623 1393 1668 reyia]
1421 1623 1496 1668 vgl.
1524 1623 1585 1666 27,
1608 1627 1663 1665 32,
1685 1627 1704 1657 5

961 1671 1070 1715 reyiis
1078 1684 1089 1711 ,·
1103 1670 1272 1715 gebildet
1282 1670 1350 1705 wie
1365 1671 1489 1705 cohors
1498 1671 1686 1714 praetoria
1694 1684 1706 1712 ,-

963 1717 1172 1762 griechisch
1198 1714 1335 1761 ἄγημα.

1012 1768 1066 1799 16.
1082 1768 1123 1798 ut
1137 1765 1185 1799 ad
1198 1768 1314 1799 motus
1323 1767 1489 1808 —posset
1503 1764 1704 1809 occurrere]

963 1810 1020 1845 die
1055 1810 1171 1845 Sache
1208 1811 1296 1845 oder
1328 1810 1484 1853 Person,
1523 1811 1588 1844 der
1619 1821 1706 1845 man

962 1858 1244 1902 entgegentdtt,
1266 1858 1366 1893 steht
1384 1861 1487 1892 sonst
1506 1857 1557 1891 im
1575 1857 1704 1899 Dativ3

961 1905 1035 1948 vgl.
1057 1915 1086 1938 c.
1113 1907 1146 1948 8,
1176 1908 1193 1938 1
1220 1905 1316 1939 nulli
1340 1906 1393 1939 rei
1419 1924 1462 1928 —
1489 1905 1705 1946 occari-issa

960 1951 1030 1985 mit
1060 1952 1110 1985 ad
1141 1968 1185 1979 =
1218 1963 1281 1985 zur
1312 1951 1473 1985 Abwehr
1504 1953 1704 1996 entgegen·

960 1999 1082 2032 treten
1112 1998 1186 2043 vgl.
1219 1997 1284 2041 21,
1319 2002 1379 2040 61,
1415 2002 1432 2031 1
1466 1998 1515 2032 ad
1548 1999 1707 2042 primum

961 2046 1153 2080 adveutum
1172 2056 1404 2088 occursuru83
1434 2044 1493 2088 10,
1514 2048 1570 2088 25,
1593 2049 1637 2079 14
1658 2046 1707 2080 ad

960 2092 1082 2126 omnia
1106 2092 1216 2126 simut
1240 2093 1347 2126 obire.

1006 2139 1102 2174 uude
1127 2139 1230 2184 editi]
1258 2139 1330 2183 vgl.
1358 2151 1388 2174 c.
1417 2143 1449 2183 7,
1477 2143 1493 2173 1
1527 2140 1628 2184 iques
1659 2141 1704 2175 ab

963 2186 1052 2221 Orco
1077 2187 1176 2221 editi.

1007 2233 1242 2278 apparerent]
1309 2233 1501 2277 „gesehen
1556 2233 1705 2268 werden

960 2279 1147 2315 konnten“
1179 2280 1252 2324 vgl.
1286 2279 1353 2322 22,
1389 2284 1448 2321 17,
1482 2284 1502 2314 6
1541 2280 1704 2315 humana

959 2327 1136 2372 apparuit
1160 2327 1276 2369 fraus.
1327 2326 1388 2370 22,
1413 2330 1469 2370 24,
1497 2330 1516 2361 6
1543 2328 1705 2362 tumulus

959 2375 1147 2418 apparuit.
1212 2373 1272 2414 24,
1314 2377 1368 2416 10,
1410 2378 1451 2408 12
1491 2385 1704 2418 quemquam

959 2421 1013 2455 ibi
1039 2441 1082 2445 —
1109 2422 1337 2465 apparuisse.

1010 2471 1063 2502 17.
1089 2468 1131 2502 in
1160 2467 1303 2511 Tisaeo]
1331 2467 1397 2501 auf
1419 2467 1485 2502 der
1511 2467 1703 2513 Siidspitze

960 2515 1024 2549 der
1049 2514 1242 2549 Halbinsel
1261 2514 1464 2559 Magnesia,
1490 2515 1705 2560 gegenfiber

960 2561 1212 2596 Artemisium.

1006 2609 1048 2642 i‘n
1058 2608 1304 2653 altitudinem]
1322 2607 1515 2643 verbinde:
1534 2618 1635 2643 mous
1653 2610 1704 2642 est

960 2655 1161 2689 cacuminis
1195 2656 1283 2689 editi
1307 2656 1348 2689 in
1379 2655 1610 2689 altitudinem
1643 2655 1703 2688 iu-

959 2705 1104 2746 yerztem.

1010 2751 1062 2783 18.
1089 2748 1282 2793 Nicaeam]
1312 2747 1350 2782 in
1370 2747 1496 2783 Locris
1521 2759 1582 2782 am
1601 2748 1702 2783 sinus

959 2794 1148 2829 Maliacus.

1010 2840 1156 2886 Oreum]
1196 2852 1242 2876 an
1280 2841 1344 2875 der
1380 2841 1593 2877 Nordkfiste
1630 2853 1703 2877 von

957 2888 1096 2923 Euboa.
