1953 3278
196 338 215 368 5
242 327 375 368 video.

242 160 298 202 60
733 158 877 193 LiBEa
902 157 1065 193 xxvm.
1110 157 1210 192 CAP.
1236 162 1291 194 27.
1636 176 1660 193 a.
1681 176 1708 193 u.
1729 169 1790 195 548.

241 268 437 310 habitum
464 267 619 322 civium
646 265 877 320 adgnosco,
909 264 1023 306 facta
1049 265 1173 318 dicta,
1204 265 1383 307 consilia
1410 268 1574 308 animos
1600 267 1790 308 hostium

438 324 535 379 quid
574 324 685 365 enim
723 338 818 377 vos,
861 323 944 364 nisi
983 323 1093 378 quod
1131 323 1335 378 Ilergetes
1375 328 1416 366 et
1452 325 1672 379 Lacetani,
1717 327 1792 366 aut

243 385 424 439 optastis
459 382 573 423 aliud
613 385 687 423 aut
726 382 962 436 sperastis?
1000 385 1043 423 et
1078 382 1141 422 illi
1178 384 1322 423 tamen
1353 383 1630 426 Mandonium
1665 387 1792 438 atque

242 443 484 494 Indibilem,
522 442 665 496 regiae
705 441 945 483 nobilitatis
983 441 1117 493 viros,
1155 440 1279 482 duces
1316 441 1472 484 furoris
1510 444 1643 484 secuti
1675 445 1792 498 sunt,

243 516 318 543 vos
358 500 593 554 auspicium
635 503 678 541 et
715 500 937 554 imperium
979 499 1031 540 ad
1063 499 1274 541 Umbrum
1307 500 1478 541 Atrium
1515 504 1558 543 et
1589 501 1793 544 Calenum

197 572 215 601 05
243 559 418 600 Albium
459 558 684 601 detulistis.

752 562 907 613 negate
946 573 1021 600 vos
1060 558 1103 599 id
1143 573 1289 599 omnes
1327 558 1477 600 fecisse
1517 562 1590 601 aut
1632 560 1794 602 factum

242 618 438 671 voluisse,
471 618 647 671 milites3
680 632 916 671 paucorum
940 632 1034 659 eum
1060 617 1246 658 furorem
1275 620 1401 672 atque
1429 619 1657 660 amentiam
1684 633 1794 674 esse3

242 677 424 718 libenter
468 676 634 718 credam
679 677 947 731 negantibus.

1021 690 1097 717 nec
1148 677 1259 717 enim
1305 691 1354 717 ea
1403 681 1504 717 sunt
1554 678 1795 731 commissa,

243 750 368 790 quae,
405 735 584 790 vulgata
620 735 665 776 in
704 750 874 777 onmem
913 735 1162 788 exercitum,
1201 735 1291 776 sine
1329 735 1508 790 piaculis
1547 736 1796 790 ingentibus

198 806 214 835 7
243 794 404 848 expiari
436 794 615 848 possint.

677 794 835 835 invitus
869 808 918 835 ea
949 796 1171 848 tamquam
1196 795 1373 836 vulnera
1399 795 1580 848 attingo,
1613 794 1684 835 sed
1709 793 1795 835 nisi

196 864 215 894 3
242 855 358 894 tacta
382 855 652 907 tractataque
679 853 823 894 sanari
848 867 934 894 non
959 856 1150 906 possunt.
1201 853 1395 907 equidem
1422 854 1556 908 pulsis
1583 852 1795 907 Hispania.

244 910 674 966 Carthaginiensibus
700 912 866 952 nullum
891 911 1031 952 locum
1057 914 1150 952 tota
1175 912 1405 967 provincia,
1434 913 1574 954 nullos
1600 912 1794 953 homines

243 970 464 1012 credebam
497 984 606 1023 esse,
644 970 718 1011 ubi
749 970 838 1011 vita
869 970 1008 1011 invisa
1039 972 1151 1011 esset
1181 984 1292 1011 mea:
1337 971 1396 1012 sic
1433 985 1499 1012 me
1537 985 1620 1012 non
1655 970 1794 1012 solum

196 1042 214 1071 9
244 1029 446 1071 adversus
474 1029 611 1071 socios
641 1042 871 1083 gesseram,
897 1029 969 1069 sed
997 1029 1125 1070 etiam
1153 1028 1353 1070 adversus
1380 1030 1527 1071 hostis.
1572 1030 1616 1070 in
1643 1029 1795 1071 castris

244 1103 295 1129 en
323 1089 427 1130 meis
461 1112 515 1118 —
549 1091 756 1143 quantum
783 1088 928 1142 opinio
954 1087 1126 1128 fefellit!
1163 1111 1210 1116 —
1247 1087 1363 1129 fama
1388 1089 1539 1130 mortis
1566 1102 1684 1129 meae
1710 1102 1796 1129 non

176 1159 217 1189 10
245 1150 419 1201 accepta
451 1148 607 1201 solum,
653 1147 726 1188 sed
765 1147 894 1188 etiam
933 1149 1156 1200 expectata
1188 1148 1263 1187 est.

1330 1161 1419 1188 non
1452 1146 1565 1201 quod
1597 1160 1676 1201 ego
1709 1147 1796 1187 vul-

244 1207 336 1262 gari
368 1206 533 1247 facinus
565 1220 640 1259 per
672 1206 810 1247 omnis
843 1205 971 1246 velim
1003 1229 1058 1234 —-
1093 1205 1299 1259 equidem,
1331 1205 1367 1246 si
1395 1207 1534 1247 totum
1567 1205 1797 1246 exercitum

244 1280 383 1306 meum
417 1267 599 1306 mortem
631 1265 738 1306 mihi
771 1268 941 1319 optasse
975 1264 1205 1318 crederem,
1239 1264 1306 1306 hic
1340 1265 1486 1305 statim
1519 1266 1618 1305 ante
1651 1263 1797 1305 oculos

243 1327 409 1366 vestros
441 1338 645 1378 morerer,
685 1338 764 1365 nec
796 1338 863 1365 me
894 1323 983 1364 vita
1013 1323 1179 1364 iuvaret
1215 1323 1353 1364 invisa
1385 1323 1548 1364 civibus
1581 1325 1624 1364 et
1653 1322 1797 1363 militi-

177 1395 214 1424 11
244 1383 323 1424 bus
355 1382 460 1424 meis
492 1399 566 1436 ——3
600 1382 672 1424 sed
704 1382 935 1424 multitudo
969 1382 1127 1435 omnis,
1160 1382 1269 1423 sicut
1300 1384 1453 1423 natura
1484 1382 1613 1423 maris
1645 1395 1720 1436 per
1752 1394 1796 1422 se

244 1441 476 1484 immobilis
510 1445 591 1495 est3
624 1444 671 1483 ut
702 1441 817 1483 venti
849 1444 892 1482 et
918 1455 1046 1482 aurae
1073 1441 1197 1494 cient,
1230 1442 1291 1482 ita
1318 1444 1391 1482 aut
1416 1441 1693 1495 tranquillum
1720 1441 1801 1481 aut

292 1610 323 1640 5.
345 1595 586 1649 llbergang
599 1616 679 1638 zum
694 1604 850 1638 Thema:
867 1603 985 1647 „Euer

244 1651 448 1687 Verhalten
487 1652 694 1696 berechtigt
731 1650 848 1695 mich,
892 1651 984 1686 euch

244 1699 381 1735 Feinde
408 1711 450 1733 zu
477 1701 656 1733 nennen.“

300 1747 471 1781 Umbrum
490 1746 654 1792 Atrium]
676 1745 745 1780 mit
764 1746 983 1789 umgekehr-

244 1795 302 1828 ter
335 1794 503 1837 Stellung
535 1804 564 1827 c.
592 1797 653 1836 24,
690 1796 730 1827 13
766 1792 801 1827 Ο.
835 1793 985 1827 Albium

246 1841 418 1875 Calenum
462 1844 493 1875 et
533 1840 570 1875 O.
597 1841 746 1874 Atrium
795 1839 965 1874 Umbrum
974 1853 986 1881 ,-

244 1887 350 1922 hier
392 1887 441 1922 ist
484 1886 544 1922 die
588 1886 879 1932 Voranstellung
921 1887 986 1922 der

248 1935 497 1970 Volksnamen
522 1935 747 1978 notwendig.

293 1986 324 2017 6.
340 1982 521 2016 Thema:
537 1981 663 2023 „Doch
678 1981 736 2016 die
746 1980 987 2015 Schuldtrifft

247 2041 315 2063 nur
335 2029 496 2073 wenige,
524 2029 582 2063 die
602 2028 735 2073 Menge
761 2039 837 2062 war
862 2028 986 2062 wahn-

246 2075 383 2120 sinnig,
422 2076 518 2110 denn
552 2078 585 2120 1)
617 2075 675 2110 ihr
712 2074 987 2109 Unternehmen

246 2134 323 2157 war
333 2123 527 2157 unsittlich
538 2122 613 2157 und
627 2122 811 2166 irreligios
825 2123 987 2165 (crster

245 2169 487 2214 Hauptteil
507 2173 526 2211 ξ
543 2171 683 2213 7—16),
708 2171 743 2213 a)
758 2168 843 2203 weil
857 2180 894 2203 es
908 2169 986 2203 sich

246 2227 363 2261 gegen
409 2217 514 2252 einen
559 2216 747 2251 beliebten
783 2216 987 2251 Feldherrn

245 2264 403 2299 richtete
430 2266 464 2307 (ξ
492 2267 615 2308 7-9),
649 2264 745 2298 denn
772 2263 869 2297 mich
895 2262 988 2297 trifft

245 2310 354 2345 keine
378 2311 515 2345 Schuld
542 2322 588 2346 an
609 2322 732 2346 eurem
752 2309 987 2345 Verbrechen

293 2405 332 2447 b)
360 2405 443 2439 weil
470 2415 508 2439 es
534 2405 612 2439 sich
632 2416 752 2450 gegen
772 2405 837 2439 das
857 2404 985 2439 Vater-

247 2452 335 2486 land
361 2452 436 2486 und
462 2451 560 2486 Volk
587 2454 620 2495 (ς
648 2453 813 2495 12-14),

295 2501 327 2543 8)
354 2498 438 2533 weil
471 2510 508 2533 es
541 2500 618 2534 sich
651 2510 771 2543 gegen
803 2498 874 2533 den
905 2498 986 2542 Eid,

247 2545 307 2580 die
352 2546 482 2581 Gotter
526 2546 599 2580 und
644 2546 703 2581 die
743 2545 986 2580 militstrische

246 2592 425 2638 Disziplin
451 2592 607 2628 richtete
633 2595 665 2636 (ξ
694 2594 882 2634 14-16).“

297 2645 327 2676 7.
366 2644 463 2675 tacta
507 2640 749 2686 tractataque]
795 2639 986 2674 allitterie-

249 2687 373 2731 rende,
399 2699 468 2722 nur
493 2687 573 2721 hier
592 2687 878 2722 vorkommende
899 2687 986 2721 Ver-

247 2735 429 2779 bindung3
469 2738 625 2770 tractare
660 2752 703 2764 =
733 2735 889 2779 palpare
926 2734 986 2768 be-

248 2782 416 2816 zeichnet
453 2781 518 2816 das
554 2782 779 2827 vorsichtige
811 2782 987 2816 Betasten

251 2840 321 2863 von
350 2828 538 2870 Wunden3
575 2830 640 2863 auf
663 2829 846 2873 Geistiges
880 2828 986 2863 iiber-

249 2877 379 2919 tragen
393 2875 428 2917 3,
448 2879 501 2917 14,
517 2879 537 2910 6
553 2877 806 2919 permulcendo
828 2879 986 2910 tractan-

249 2922 361 2966 doque
386 2924 691 2964 mansuefecerant
711 2923 858 2967 plebem.

1106 1605 1204 1650 9.-in
1229 1604 1358 1638 castris
1384 1614 1427 1637 8η
1458 1603 1560 1649 meis]
1593 1614 1636 1638 en
1662 1601 1804 1637 Ausruf

1058 1651 1122 1685 der
1141 1644 1436 1695 Uberraschung,
1462 1650 1637 1685 meistens
1659 1661 1701 1684 zu
1722 1648 1796 1682 An-

1057 1698 1147 1742 fang
1167 1698 1230 1732 des
1252 1697 1377 1732 Satzes
1397 1697 1465 1732 mit
1484 1697 1694 1742 folgendem
1710 1696 1797 1730 Pro-

1056 1756 1206 1788 nomen3
1237 1745 1311 1789 vgl.
1339 1744 1372 1787 8,
1399 1749 1431 1786 4,
1459 1749 1478 1779 6
1505 1756 1548 1779 en
1573 1745 1636 1779 hoc
1661 1747 1799 1788 tempus

1057 1793 1167 1835 adest,
1188 1792 1262 1826 und
1284 1796 1325 1826 11
1347 1803 1389 1826 en
1408 1802 1468 1836 890
1487 1793 1572 1836 ipse.
1602 1791 1634 1834 7,
1652 1795 1706 1834 15,
1720 1794 1740 1825 2
1755 1802 1800 1825 en

1049 1840 1176 1884 ipsum
1189 1840 1626 1883 imperatorem—vocar&
1645 1838 1743 1880 2,12,
1756 1841 1798 1871 13

1058 1898 1102 1921 en
1127 1887 1203 1921 tibi.
1232 1886 1291 1929 23,
1315 1889 1373 1930 45,
1398 1890 1418 1920 9
1445 1898 1489 1920 en
1514 1886 1632 1920 minor
1657 1895 1712 1920 res
1737 1888 1798 1920 est.

1059 1934 1118 1978 22,
1146 1937 1179 1977 6,
1206 1937 1226 1967 3
1252 1944 1296 1967 en
1321 1953 1365 1958 --
1391 1934 1449 1967 hic
1473 1937 1538 1975 est,
1577 1943 1624 1966 an
1650 1931 1799 1967 zweiter

1060 1980 1174 2016 Stelle
1201 1992 1270 2015 nur
1294 1980 1389 2015 noch
1409 1980 1443 2023 2,
1466 1985 1497 2023 6,
1520 1985 1538 2015 7
1558 1981 1634 2024 ipse
1659 1991 1702 2014 e‘n
1727 1980 1801 2014 ille.

1059 2027 1093 2071 3,
1123 2032 1176 2072 17,
1204 2031 1223 2062 6
1245 2029 1389 2072 primus
1414 2038 1458 2062 8η
1482 2038 1543 2071 eqo
1569 2027 1703 2062 consul.

1109 2103 1162 2133 11.
1201 2098 1311 2144 cient]
1351 2098 1414 2132 das
1445 2097 1608 2132 Verbum
1644 2095 1799 2141 simplex

1059 2146 1132 2181 cieo
1165 2145 1349 2180 erscheint
1381 2144 1638 2189 iiberwiegend
1669 2143 1706 2177 in
1733 2143 1800 2178 der

1059 2194 1180 2228 ersten
1212 2191 1380 2235 Dekade3
1419 2191 1592 2226 meistens
1624 2190 1692 2225 mit
1727 2190 1798 2225 den

1060 2240 1244 2285 Objekten
1268 2250 1440 2283 pugmam,
1459 2239 1651 2283 proelium,
1675 2238 1800 2272 molem

1059 2288 1201 2322 irarum
1232 2287 1340 2328 ciere,
1373 2286 1467 2320 auch
1499 2285 1548 2320 ad
1579 2296 1683 2319 arma
1709 2285 1801 2320 ciere

1060 2335 1229 2378 aliquem;
1269 2333 1306 2367 in
1345 2332 1475 2367 dritter
1515 2331 1667 2367 Dekade
1704 2331 1799 2366 noch

1060 2380 1120 2423 22,
1147 2384 1202 2425 39,
1230 2385 1248 2415 7
1271 2381 1450 2424 procellas
1469 2400 1513 2404 —-
1535 2381 1610 2414 ciet.
1643 2379 1704 2423 26,
1724 2382 1756 2422 5,
1778 2383 1797 2414 9

1060 2428 1178 2473 qualis
1228 2428 1431 2472 (tumultus)
1475 2447 1518 2452 -—
1563 2427 1650 2461 cieri
1701 2426 1796 2461 solet.

1059 2474 1119 2518 28,
1143 2479 1196 2518 17,
1220 2479 1262 2509 16
1288 2475 1481 2509 tumultum
1507 2475 1615 2516 ciere3
1642 2474 1733 2508 stets
1753 2489 1797 2502 =

1059 2533 1221 2566 anregen
1253 2522 1342 2556 oder
1375 2521 1567 2556 antreiben
1598 2522 1657 2565 (zu
1683 2520 1798 2555 etwas

1061 2568 1374 2614 Gewaltsamem).

1107 2639 1361 2685 tranquillum]
1378 2639 1437 2675 die
1452 2638 1798 2683 Substantivierung

1059 2687 1122 2722 des
1148 2686 1329 2722 Neutrum
1354 2697 1431 2721 war
1455 2685 1627 2730 unnotig‚
1659 2685 1706 2719 da
1737 2685 1798 2719 ein

1060 2733 1277 2769 Substantiv
1306 2734 1534 2776 vorhanden;
1562 2733 1656 2767 auch
1683 2731 1799 2766 findet

1059 2782 1111 2816 sie
1149 2781 1226 2816 sich
1265 2792 1333 2815 nur
1367 2781 1446 2816 hier
1480 2780 1530 2814 im
1563 2778 1795 2822 Nominativ;

1058 2828 1129 2863 mit
1147 2827 1382 2872 Pr‘aposition
1407 2827 1441 2870 3,
1463 2830 1519 2869 40,
1544 2830 1584 2860 12
1611 2827 1798 2871 republica

1060 2896 1102 2900 —
1135 2877 1178 2909 in
1208 2875 1443 2918 tranquillum
1479 2874 1640 2916 redacta;
1672 2873 1798 2918 haufig

1059 2923 1109 2956 ist
1133 2922 1340 2965 tranquillo.
