1953 3278
624 154 767 190 LIBER
792 154 955 190 XXVIII.
1001 154 1101 190 CAP.
1128 157 1182 188 27.
1622 152 1675 194 61

129 176 157 194 a.
178 168 228 194 ch.
249 169 308 194 206.

132 266 342 322 procellae
379 265 424 306 in
463 264 583 306 vobis
623 266 739 317 sunt,
781 266 823 304 et
859 278 986 305 causa
1023 265 1148 317 atque
1186 263 1305 316 origo
1345 261 1483 303 omnis
1521 260 1677 302 furoris

132 339 259 379 penes
305 325 496 364 auctores
543 325 626 376 est,
671 337 744 364 vos
783 322 1036 376 contagione
1080 321 1317 376 insanistis3
1362 320 1433 375 qui
1476 318 1581 360 mihi
1625 333 1677 360 ne

132 382 257 424 hodie
301 381 468 436 quidem
512 382 618 423 scire
663 381 882 434 videmini,
927 395 1009 434 quo
1055 381 1266 421 amentiae
1312 378 1527 433 progressi
1572 377 1678 431 sitis,

132 441 233 496 quid
264 440 466 483 facinoris
498 441 540 481 in
573 454 657 494 me,
699 439 800 494 quid
832 439 875 479 in
914 439 1096 491 patriam
1134 438 1406 492 parentisque
1440 452 1488 479 ac
1521 436 1678 478 liberos

132 501 310 553 vestros,
343 499 441 553 quid
468 499 512 540 in
538 499 649 551 deos,
677 496 930 539 sacramenti
956 499 1098 549 testes,
1125 496 1223 550 quid
1251 496 1449 537 adversus
1477 495 1680 549 auspicia,

132 559 212 600 sub
243 558 395 613 quibus
421 558 629 610 militatis,
656 556 754 610 quid
781 555 982 596 adversus
1009 569 1170 596 morem
1190 555 1369 595 militiae
1395 554 1678 607 disciplinam-

133 631 213 671 que
252 617 476 670 maiorum,
514 615 612 670 quid
651 614 851 655 adversus
890 613 1045 654 summi
1083 613 1249 667 imperii
1287 613 1555 654 maiestatem
1588 612 1680 653 ausi

133 676 240 717 sitis.
307 676 356 717 de
390 689 454 716 me
486 675 577 728 ipso
610 676 730 714 taceo
773 696 820 701 —
862 673 1019 713 temere
1051 672 1195 726 potius
1237 686 1363 726 quam
1397 671 1516 712 avide
1549 671 1679 712 credi-

132 734 300 789 deritis3
338 735 374 776 is
413 733 592 787 denique
631 745 709 787 ego
749 731 847 784 sim,
886 731 1001 772 cuius
1040 730 1209 784 imperii
1246 730 1416 771 taedere
1449 730 1680 771 exercitum

134 793 310 834 minime
336 791 575 834 mirandum
603 790 677 831 sit:
707 813 759 819 ——
786 789 928 844 patria
954 789 1054 844 quid
1081 788 1130 830 de
1157 789 1276 830 vobis
1305 791 1528 841 meruerat,
1553 803 1682 842 quam

134 866 230 893 cum
274 850 503 892 Mandonio
549 852 592 890 et
633 848 807 890 Indibili
852 848 1134 890 consociando
1182 847 1360 889 consilia
1408 846 1682 901 prodebatis?

134 910 235 964 quid
273 909 454 963 populus
492 908 727 963 Romanus,
772 922 867 949 cum
905 907 1129 960 imperium
1170 907 1361 948 ablatum
1401 906 1453 947 ab
1499 906 1682 947 tribunis

133 968 338 1022 suffragio
370 967 518 1021 populi
551 967 702 1008 creatis
734 966 786 1008 ad
811 966 1007 1008 homines
1033 966 1224 1020 privatos
1251 965 1477 1018 detulistis,
1510 979 1605 1006 cum
1633 979 1681 1006 eo

132 1026 226 1080 ipso
258 1041 346 1068 non
377 1026 580 1079 contenti,
612 1026 648 1067 si
679 1040 756 1080 pro
789 1025 971 1066 tribunis
1004 1025 1100 1066 illos
1133 1024 1358 1078 haberetis,
1389 1022 1526 1065 fasces
1551 1024 1683 1077 impe-

132 1086 288 1127 ratoris
321 1085 452 1126 vestri
485 1084 538 1126 ad
564 1099 648 1139 eos,
682 1084 833 1138 quibus
862 1098 1021 1137 servus,
1053 1083 1120 1125 cui
1146 1084 1418 1137 imperarent,
1449 1096 1681 1137 numquam

130 1144 284 1198 fuerat,
314 1143 536 1186 Romanus
569 1144 778 1185 exercitus
811 1142 1055 1184 detulistis?
1088 1142 1132 1183 in
1162 1142 1377 1196 praetorio
1409 1141 1682 1182 tetenderunt

134 1203 285 1244 Albius
324 1206 366 1244 et
398 1202 564 1255 Atrius,
602 1202 826 1244 classicum
864 1202 976 1256 apud
1013 1216 1085 1243 eos
1123 1201 1295 1255 cecinit,
1331 1201 1500 1254 signum
1539 1200 1591 1241 ab
1630 1200 1682 1240 iis

133 1261 314 1315 petitum
347 1264 421 1315 est,
454 1261 653 1303 sederunt
683 1262 727 1302 in
758 1261 963 1302 tribunali
995 1260 1040 1301 P.
1061 1259 1282 1314 ScipioniS,
1315 1260 1439 1301 lictor
1471 1259 1682 1313 apparuit,

181 1423 294 1447 causa
318 1416 422 1457 atque
447 1413 604 1457 oriyo—
615 1423 724 1456 penes
750 1415 870 1447 aueto-

132 1459 211 1505 res]
250 1459 345 1494 nach
381 1459 562 1504 Analogie
600 1458 664 1494 des
701 1459 873 1504 h‘aufigen

132 1507 244 1550 culpa
279 1509 328 1541 est
366 1517 476 1550 penes
509 1507 664 1551 aliquem
689 1505 871 1551 gebildct3

133 1553 207 1598 vgl.
235 1553 292 1596 22,
317 1556 373 1596 44,
401 1557 421 1588 6
447 1554 587 1588 nullam
605 1564 716 1598 penes
740 1564 774 1589 se
800 1554 872 1589 cul-

127 1611 218 1644 pam
242 1611 322 1635 esse.

184 1651 237 1681 12.
264 1647 352 1692 quid
375 1647 552 1690 facinoris
571 1648 612 1682 in
630 1647 697 1692 me]
718 1647 874 1682 beachtc

132 1693 172 1728 in
207 1694 270 1728 der
305 1693 503 1739 folgenden
534 1694 770 1739 Aufzahlung
807 1694 873 1729 das

134 1740 354 1787 dreimalige
375 1742 619 1777 Abwechseln
643 1753 715 1777 von
739 1744 781 1777 in
805 1742 874 1777 mit

134 1789 316 1824 adversas.

182 1836 224 1870 in
265 1837 425 1880 patriam
466 1836 712 1882 parentisque]
760 1836 874 1870 durch

135 1881 196 1917 die
220 1893 336 1926 ganze
355 1882 537 1917 Latinitat
557 1883 718 1917 beliebte
737 1883 874 1918 allitte-

134 1929 301 1964 rierende
323 1929 578 1974 Verbindung;
604 1929 678 1975 vgl.
700 1930 734 1973 1,
759 1934 790 1973 9,
820 1934 873 1965 15.

138 1979 194 2020 25,
211 1980 239 2010 1.
262 1976 319 2020 26,
336 1980 391 2020 50,
407 1981 426 2011 2
445 1980 700 2020 percunctatus
712 1979 877 2022 patriam

132 2027 386 2068 parentesque3
437 2024 539 2058 nicht
581 2024 744 2069 weniger
786 2036 876 2069 gern

139 2070 335 2105 verbindet
359 2082 462 2105 man:
485 2074 626 2115 patrem
648 2072 877 2116 patriamque

137 2116 171 2161 7,
188 2121 239 2161 10,
255 2121 286 2153 4.
301 2119 431 2162 patria
451 2128 494 2153 ac
514 2123 659 2162 penates
679 2118 740 2161 25,
754 2123 807 2162 18,
822 2122 874 2153 10.

130 2167 257 2208 patres
275 2166 522 2209 populumque
547 2165 606 2208 22,
634 2169 689 2208 32,
718 2170 748 2201 7.

186 2215 240 2245 13.
279 2212 518 2258 credideritis]
564 2213 675 2248 sowie
714 2213 876 2247 nachher

135 2257 256 2292 simin
270 2258 521 2294 koncessivem
535 2259 660 2295 Sinne:
677 2261 806 2305 „mogt
818 2260 875 2295 ihr

137 2305 317 2349 geglaubt
346 2306 508 2348 haben“;
541 2307 614 2351 vgl.
642 2307 708 2351 41,
742 2311 804 2351 24,
833 2311 873 2341 11

135 2352 260 2394 fecerit
285 2353 427 2397 aliquid
451 2353 657 2398 Philippus.

180 2400 312 2442 patria
348 2400 436 2444 quid
473 2401 515 2435 de
548 2402 648 2436 vobis
681 2402 875 2447 meruerat]

139 2446 213 2490 vgl.
241 2457 269 2480 e.
298 2449 354 2490 28,
383 2450 424 2480 15
450 2458 557 2491 quam
582 2449 624 2483 ob
649 2459 783 2484 noxam
808 2444 876 2493 pa*—

138 2493 240 2528 triae.
279 2493 331 2527 Zu
356 2504 484 2528 merere
506 2494 556 2528 im
578 2494 687 2530 Sinne
706 2507 777 2531 von
797 2507 876 2530 ver-

142 2539 319 2574 schulden
344 2540 417 2584 vgl.
439 2540 498 2583 31,
525 2544 580 2584 45,
610 2546 651 2576 13
676 2553 740 2577 nec
764 2554 877 2577 meru-

139 2590 243 2622 erant
294 2586 425 2622 Graeci
436 2614 446 2629 ‚
502 2598 566 2622 cur
615 2589 877 2634 diriperentur,

141 2633 277 2669 ebenso
297 2635 461 2668 meritum
477 2651 520 2663 =
536 2634 683 2670 Schuld.
712 2636 770 2678 26,
785 2640 841 2680 29,
857 2640 877 2671 3

140 2681 242 2716 nullo
267 2692 331 2716 suo
356 2683 480 2716 merito
506 2694 539 2716 u.
565 2693 596 2717 o.

189 2731 243 2762 14.
264 2729 453 2773 imperium
469 2730 629 2764 ablatum
644 2730 689 2764 ab
703 2730 878 2776 tribunis]

141 2775 232 2809 fiber
253 2775 317 2810 das
337 2776 430 2810 auch
449 2776 484 2819 9,
500 2780 555 2818 30,
570 2780 590 2810 3
609 2776 680 2810 den
694 2777 882 2811 Tribunen

142 2821 352 2867 beigelegtc
387 2824 577 2867 imperium
607 2823 681 2868 vgl.
715 2834 745 2858 ο.
772 2827 833 2869 24,
861 2827 880 2858 9

142 2868 292 2920 imperio
312 2880 432 2905 eorum
457 2871 522 2915 qui
541 2874 745 2914 praeerant.
785 2871 883 2905 Uber

143 2915 223 2950 1hre
242 2916 355 2952 Wahl
377 2917 409 2960 7,
430 2921 462 2962 5,
484 2921 515 2952 9.
541 2918 576 2962 9,
597 2921 651 2953 30.
680 2918 809 2963 27‚36,
827 2921 880 2954 14.

996 1415 1048 1446 15.
1072 1412 1113 1445 in
1133 1412 1318 1455 praetorio
1340 1410 1578 1456 tetenderunt]
1601 1420 1683 1445 vom

945 1457 1184 1503 Aufspannen
1204 1458 1269 1492 der
1283 1457 1384 1492 Zelte
1398 1458 1685 1502 hex-genommen

946 1506 1067 1540 erhalt
1098 1506 1238 1540 tendere
1275 1505 1485 1549 uberhaupt
1516 1504 1587 1539 den
1619 1505 1685 1538 Be-

945 1552 1045 1597 griff:
1077 1552 1227 1597 lagern,
1260 1552 1334 1597 vgl.
1361 1551 1426 1595 25,
1454 1555 1492 1594 6,
1520 1555 1562 1585 15
1590 1552 1687 1586 locus

946 1602 987 1634 in
1006 1610 1074 1644 quo
1094 1600 1276 1634 tenderent
1295 1600 1335 1633 in
1349 1599 1487 1634 eastris
1515 1598 1574 1641 27,
1591 1602 1646 1641 46,
1664 1602 1684 1632 2

946 1648 987 1681 in
1012 1651 1165 1692 anqusto
1196 1647 1427 1681 tendentium.
1461 1649 1517 1688 47,
1544 1649 1582 1686 4;
1612 1645 1687 1680 und

945 1694 1015 1728 mit
1034 1694 1117 1729 dem
1136 1693 1280 1729 blossen
1295 1692 1463 1728 Ablativ:
1485 1693 1544 1737 27,
1568 1697 1620 1736 17,
1644 1696 1686 1727 17

945 1742 1055 1776 isdem
1081 1742 1210 1776 castris
1235 1741 1436 1776 tendebant.

993 1813 1182 1847 classicum
1217 1812 1316 1856 apud
1348 1821 1403 1846 eos
1440 1810 1583 1856 cecinit]
1621 1810 1686 1845 das

946 1859 1108 1894 Verbum
1140 1859 1269 1893 cecinit
1301 1858 1435 1892 nimmt
1466 1858 1522 1892 oft
1547 1857 1688 1892 sowohl

947 1906 1011 1941 das
1038 1906 1281 1948 Instrument,
1315 1905 1380 1939 anf
1402 1904 1598 1947 welchem,
1632 1904 1687 1938 als

949 1953 1014 1987 das
1036 1952 1176 1997 Signal,
1202 1952 1360 1987 welches
1386 1952 1561 1996 geblasen
1583 1950 1687 1995 wird,

948 2001 1003 2034 als
1030 1999 1187 2045 Subjekt
1222 2012 1265 2034 zu
1291 1999 1386 2033 sich:
1414 2016 1458 2028 =
1485 2010 1522 2034 es
1549 2000 1686 2041 erton‘t3

949 2047 1020 2092 vgl.
1043 2048 1198 2092 signum,
1218 2047 1393 2089 bellicum,
1413 2057 1563 2091 cornua,
1582 2046 1689 2080 tubae

949 2098 1096 2129 canunt.
1123 2114 1167 2119 ——
1193 2094 1294 2138 apud
1320 2094 1375 2128 als
1401 2104 1466 2128 vor
1491 2093 1686 2135 Personam

949 2141 1068 2176 denen
1110 2141 1188 2176 dies
1231 2140 1473 2186 rechtmassig
1515 2139 1686 2183 zustand;

948 2189 1021 2233 vgl.
1048 2188 1165 2223 dicere
1190 2189 1290 2232 apud
1315 2189 1471 2232 aliquem
1495 2200 1528 2223 u.
1551 2198 1582 2222 a.

994 2237 1139 2281 siynum
1159 2236 1202 2270 ab
1224 2236 1271 2270 iis
1287 2235 1456 2280 petitum]
1472 2234 1531 2269 die
1546 2234 1687 2276 Parole,

948 2283 1014 2317 auf
1042 2282 1143 2317 einer
1174 2286 1321 2324 tessera,
1355 2282 1428 2326 vgl.
1462 2281 1528 2324 27,
1561 2285 1622 2324 46,
1658 2285 1687 2317 1.

947 2329 1025 2364 Liv.
1060 2330 1160 2364 zahlt
1191 2329 1264 2364 alle
1300 2328 1467 2364 ausseren
1500 2329 1688 2363 Attribute

949 2377 1013 2412 des
1032 2378 1223 2421 imperium
1237 2377 1305 2411 mit
1324 2376 1429 2411 ihren
1449 2375 1688 2410 technischen

950 2425 1222 2469 Benennungen
1248 2423 1319 2458 auf.

997 2495 1100 2529 lictor
1123 2495 1314 2540 apparuit]
1342 2493 1574 2528 technischer
1594 2494 1687 2527 Aus-

950 2541 1067 2576 druck
1085 2541 1144 2576 ffir
1164 2541 1222 2576 die
1243 2541 1306 2575 der
1326 2541 1489 2575 hoheren
1510 2541 1688 2575 Beatnten

951 2588 1179 2670 „Icgecwartigss
1193 2587 1573 2669 8818111ἀ8η1311111101811θ,
1589 2587 1690 2646 801181,

952 2637 1168 2717 Ξοῖιέαέἲὲὲιε.
1183 2637 1346 2716 ἃὲνυέἔ
1377 2637 1690 2726 εἳὲξῶὲῷἰῗέίοῗ

952 2728 1152 2771 kollektiv3
1185 2728 1253 2762 wie
1275 2728 1318 2773 ja.
1342 2727 1437 2762 auch
1461 2727 1499 2761 in
1526 2728 1598 2762 den
1622 2727 1689 2761 Be-

953 2775 1077 2810 fehlen
1114 2775 1223 2809 meist
1258 2787 1327 2809 nur
1365 2775 1435 2809 ein
1466 2774 1595 2809 Liktor
1626 2785 1689 2808 an-

953 2822 1106 2866 geredet
1130 2821 1238 2863 wird3
1264 2822 1338 2866 vgl.
1365 2821 1424 2865 26,
1454 2825 1506 2863 16,
1528 2826 1549 2856 4
1575 2822 1690 2863 lictor,

954 2870 1030 2903 viro
1049 2869 1138 2911 forti
1157 2869 1248 2903 adde
1266 2870 1397 2913 i-iryas.
1421 2869 1454 2914 1,
1469 2873 1524 2913 26,
1539 2872 1559 2903 8
1575 2869 1690 2911 lictor,

954 2917 1097 2962 conliga
1122 2927 1251 2951 manus
1276 2928 1308 2950 u.
1337 2927 1367 2951 ο.

1707 328 1746 358 12

1710 680 1750 711 13

1712 915 1754 945 14

1712 1152 1753 1183 15
