1980 3278
282 118 310 158 2
797 118 941 154 LIBER·
965 119 1131 155 XXVIII.
1182 120 1282 158 CAP.
1312 126 1340 157 1.

1680 140 1704 158 a.
1725 141 1754 158 u.
1776 135 1836 160 547.

282 225 392 266 balis
435 240 546 266 novo
592 239 686 265 cum
732 226 918 267 exercitu
963 240 1014 267 ex
1052 226 1200 268 Africa
1242 230 1535 284 transgressus
1574 230 1836 286 Magonique

284 284 470 337 iunctus,
510 297 603 324 cum
642 283 686 323 in
719 282 966 336 Celtiberia,
1005 299 1113 338 quae
1150 285 1291 326 media
1327 286 1439 329 inter
1476 288 1559 330 duo
1590 290 1729 331 maria
1760 293 1837 342 est,

237 355 256 384 5
283 343 402 384 brevi
434 355 639 394 magnum
676 341 900 383 hominum
931 357 1155 384 numerum
1188 348 1416 399 armasset,
1455 345 1598 401 Scipio
1631 348 1835 390 adversus

283 415 378 442 eum
403 399 458 440 M.
481 398 675 440 Silanum
706 414 802 441 cum
834 400 979 442 decem
1010 401 1124 442 haud
1155 402 1252 455 plus
1284 403 1458 445 milibus
1489 406 1690 460 militum,
1721 408 1835 462 equi-

237 473 256 503 6
282 459 396 500 tibus
429 458 675 512 quingentis
708 459 837 500 misit.
888 458 1056 500 Silanus
1083 461 1254 514 quantis
1280 462 1477 504 maximis
1509 465 1650 517 potuit
1676 465 1835 506 itineri-

282 517 360 557 bus
397 539 446 546 —-
481 516 760 570 inpediebant
797 520 939 559 autem
971 521 1013 559 et
1050 519 1305 573 asperitates
1338 519 1502 561 viarum
1535 524 1577 563 et
1611 524 1835 579 angustiae

283 574 463 616 saltibus
490 575 661 628 crebris,
688 578 735 617 ut
760 577 961 631 pleraque
989 576 1225 631 Hispaniae
1252 580 1362 632 sunt,
1389 579 1577 621 inclusae
1598 605 1664 635 —,
1689 585 1835 624 tamen

281 647 367 675 non
401 634 539 675 solum
570 635 745 676 nuntios
774 635 846 676 sed
873 636 1002 676 etiam
1029 635 1191 677 famam
1218 636 1426 678 adventus
1457 638 1522 678 sui
1548 653 1837 695 praegressus,

282 692 458 733 ducibus
496 691 682 734 indidem
716 708 766 735 ex
798 692 1030 735 Celtiberia
1067 694 1304 750 transfugis
1337 695 1390 737 ad
1426 696 1596 738 hostem
1634 700 1835 751 pervenit.

236 765 253 794 7
282 750 443 792 eisdem
477 751 722 793 auctoribus
750 755 1002 807 conpertum
1028 756 1105 807 est,
1137 767 1232 794 cum
1265 754 1408 796 decem
1435 756 1601 797 circiter
1632 757 1750 798 milia
1782 757 1835 799 ab

279 809 403 850 hoste
436 809 646 863 abessent,
677 810 780 852 bina
811 813 952 853 castra
984 812 1095 853 circa
1126 812 1252 866 viam,
1295 827 1378 867 qua
1409 814 1538 868 irent,
1570 829 1682 856 csse:
1715 816 1836 858 laeva

280 866 536 922 Celtiberos,
580 883 739 910 novum
786 870 1036 924 exercitum,
1081 885 1210 925 supra
1247 885 1400 912 novem
1440 873 1560 914 milia
1601 874 1835 929 hominum,

233 942 253 973 8
280 927 427 968 dextra
446 926 607 969 Punica
632 930 777 969 tenere
805 931 955 971 castra.
1006 943 1056 970 ea
1083 929 1356 984 stationibus,
1380 931 1551 986 vigiliis,
1579 933 1694 974 omni
1721 933 1835 974 iusta

327 1053 418 1087 quae
443 1043 563 1078 media
589 1044 681 1078 inter
712 1045 785 1079 duo
811 1046 931 1080 maria
956 1045 1023 1091 est]

280 1106 323 1117 =
362 1090 640 1132 mediterranea,
685 1102 761 1125 was
799 1091 876 1126 Liv.
923 1094 1025 1127 sonst

280 1136 464 1171 durchaus
490 1137 595 1171 nicht
614 1137 834 1181 vermeidet3
868 1139 941 1183 vgl.
964 1139 1022 1183 26,

279 1187 335 1227 20,
363 1188 382 1218 6
408 1184 450 1218 iri
475 1185 737 1220 mediterranea
762 1187 926 1221 maoeime.
963 1186 1022 1229 27,

282 1234 335 1274 10,
363 1235 383 1266 8
410 1231 673 1267 mediterranei.

328 1281 360 1313 5.
387 1277 512 1321 Scipio
532 1278 705 1313 adversus
724 1279 819 1325 eum]
840 1279 1022 1314 nachdem

278 1335 392 1359 novus
423 1326 618 1368 imperator
657 1326 729 1361 den
762 1327 845 1361 Satz
885 1327 1022 1372 begon—

278 1382 362 1415 nen,
388 1371 438 1406 ist
463 1372 528 1406 der
555 1371 891 1417 Subjektswechsel
917 1374 1022 1409 fiber-

279 1418 480 1461 raschend3
515 1417 617 1454 diese
643 1420 751 1455 Form
779 1421 843 1455 del·
868 1421 1022 1456 Periode

279 1465 375 1500 oster
389 1466 449 1500 bei
463 1466 541 1501 Liv.
576 1466 636 1509 27,
653 1471 707 1511 17,
724 1471 813 1502 1—2
838 1468 880 1502 P.
898 1468 1023 1513 Scipio

277 1533 323 1538 ——
338 1523 417 1548 cum
431 1514 577 1548 hiemem
591 1517 702 1549 totam
714 1535 755 1539 ——
769 1516 1023 1560 absumpsisset

278 1580 325 1585 —
349 1560 491 1595 Edesco
517 1581 560 1585 —
591 1561 640 1595 ad
665 1572 742 1596 eum
770 1583 813 1587 —
843 1563 949 1598 venit.

328 1608 384 1642 M.
397 1607 584 1654 Silanum]
601 1608 675 1653 vgl.
687 1608 747 1652 26,
762 1614 816 1652 19,
831 1613 873 1644 10
889 1610 945 1645 M.
957 1610 1022 1645 Iu-

278 1655 364 1689 nius
383 1654 536 1689 Silanus
556 1660 774 1699 propraetor
799 1657 948 1692 adiutor
973 1658 1023 1692 ad

278 1711 334 1736 res
351 1703 528 1746 yeremias
546 1703 655 1737 datus
675 1706 733 1738 est.
772 1702 821 1737 Er
839 1704 1023 1739 erscheint

278 1750 370 1784 stets
397 1749 436 1783 in
456 1760 568 1794 enger
591 1749 833 1796 Verbindung
852 1751 921 1786 mit
947 1752 1022 1786 Sci-

279 1795 353 1840 pio.
398 1795 459 1839 27,
488 1801 518 1839 7,
548 1800 589 1830 17
623 1796 791 1841 Scipioni
825 1797 1023 1843 Silauoque

278 1863 321 1867 —
348 1843 459 1878 donec
484 1845 641 1878 revocati
666 1845 712 1879 ab
737 1848 866 1880 senatu
891 1846 1022 1889 forent,

271 1894 511 1935 proroyatum
536 1892 727 1935 imperium
753 1897 811 1928 est.

325 1948 403 1971 cum
442 1938 556 1972 decem
594 1939 694 1973 haud
732 1940 820 1983 plus
858 1940 1020 1986 milibus]

276 1984 344 2018 das
364 1984 530 2029 negierte
545 1986 634 2029 plus
654 1985 702 2020 ist
722 1986 837 2021 durch
859 1986 919 2021 die
932 1986 1022 2022 Pr'a·

278 2031 442 2075 position
476 2033 661 2067 zwischen
696 2033 754 2068 die
787 2034 924 2068 Zahlen
961 2046 1022 2079 ge-

278 2077 414 2123 drangt
445 2079 611 2123 worden3
657 2079 730 2125 vgl.
759 2080 853 2115 ohne
885 2081 1021 2126 Pr'apo·

278 2124 390 2159 sition
423 2136 451 2160 c.
480 2130 517 2169 2,
549 2130 589 2160 11
623 2127 695 2161 duo
729 2128 829 2162 haud
865 2129 1022 2173 amplius

277 2173 390 2208 milia.

325 2220 498 2265 militum]
532 2221 582 2254 im
610 2220 815 2265 Gegensatz
847 2234 888 2255 zu
921 2233 1022 2267 eques

281 2267 382 2300 steht
413 2268 513 2301 miles
546 2268 605 2302 bei
638 2269 717 2304 Liv,
750 2269 824 2302 und
860 2270 1021 2304 anderen

278 2313 383 2348 nicht
402 2315 521 2349 selten
540 2315 598 2349 fiir
612 2316 736 2359 pedes,
764 2316 838 2360 vgl.
854 2316 912 2359 22,
929 2321 985 2361 37,
1002 2321 1019 2350 7

278 2361 390 2395 milite
416 2364 521 2405 atque
547 2363 662 2406 equite
689 2384 729 2387 —-
759 2364 831 2397 nisi
856 2363 1021 2398 Romano

277 2428 324 2433 —
348 2419 423 2442 nou
448 2409 522 2451 uti,
557 2409 692 2444 ebenso
726 2409 777 2444 im
804 2409 927 2445 Plural
961 2411 1020 2454 26,

278 2459 334 2499 19,
364 2459 415 2490 10.

326 2507 356 2538 6.
385 2503 596 2547 asperitates
624 2504 781 2549 viarum]
810 2504 874 2538 der
894 2504 1019 2539 Plural

278 2549 397 2584 dieses
430 2550 691 2585 Abstraktums
723 2551 761 2585 in
798 2551 1021 2586 raumlicher

276 2596 498 2643 Bedeutung
534 2609 603 2632 nur
640 2599 720 2633 hier
756 2599 830 2632 und
870 2598 1018 2633 Sallust.

277 2642 447 2688 Jugurth.
489 2648 550 2690 75,
590 2649 608 2679 2
650 2646 765 2680 omnis
809 2646 1021 2690 asperitates

275 2692 521 2735 supervadere.

325 2740 515 2783 anqustiae
547 2740 701 2774 saltibus
733 2741 867 2775 crebris
894 2760 936 2766 -
964 2741 1019 2775 in-

277 2785 412 2830 clusae]
452 2788 645 2830 auqustiae
684 2804 728 2815 =
768 2787 1017 2832 „Engpilsse“,

277 2833 430 2867 saltibus
455 2850 498 2861 =
527 2834 816 2879 „Hohenziige“;
844 2835 1016 2878 gewohn-

277 2878 349 2913 lich
397 2880 610 2915 bezeichnet
649 2882 763 2916 saltus
808 2882 866 2916 die
906 2882 1015 2917 rasse

1097 1045 1221 1080 selbst.
1262 1044 1322 1088 22,
1351 1049 1405 1088 15,
1435 1051 1474 1080 11
1503 1048 1682 1090 saltum,
1709 1050 1772 1093 qui
1796 1049 1836 1084 iu

1097 1095 1199 1126 artas
1224 1096 1369 1127 coactus
1392 1093 1515 1136 fauces
1541 1095 1708 1130 imminet.

1146 1142 1185 1173 ut
1205 1140 1379 1183 pleraque
1404 1140 1629 1187 Hispaniae]
1657 1141 1748 1185 „wie
1775 1141 1833 1177 die

1096 1186 1256 1221 meisten
1288 1186 1489 1231 Gegenden
1522 1187 1723 1232 Spaniens“
1761 1190 1834 1234 vgl.

1096 1232 1161 1276 21,
1188 1236 1249 1277 35,
1280 1237 1320 1267 11
1348 1238 1389 1268 ut
1414 1234 1589 1279 pleraque
1614 1236 1765 1280 Alpium
1792 1256 1835 1260 ——

1094 1283 1189 1314 sunt.

1141 1328 1279 1370 famam
1299 1348 1342 1353 —
1363 1329 1614 1375 praeyressus]
1641 1329 1710 1365 wie
1729 1341 1836 1374 prae-

1095 1375 1198 1409 venio
1230 1374 1278 1409 ist
1309 1376 1404 1410 auch
1435 1377 1632 1421 praegredi
1663 1387 1692 1412 c.
1719 1387 1836 1413 accus,

1095 1423 1171 1456 erst
1206 1432 1279 1456 von
1312 1422 1390 1456 Liv.
1425 1423 1470 1457 ab
1509 1423 1837 1469 Sprachgebrauch

1095 1468 1160 1503 der
1185 1468 1300 1504 Prosa
1320 1485 1363 1498 =
1384 1470 1734 1514 „zuvorkommen“;
1761 1471 1836 1516 vgl.

1095 1515 1226 1560 27,1‚6
1247 1520 1287 1551 ut
1311 1516 1448 1559 famam
1468 1528 1584 1563 prope
1597 1519 1835 1562 praeveniret.

1095 1562 1154 1605 24,
1182 1567 1237 1606 35,
1265 1567 1296 1598 9.
1530 1591 1534 1595 .

1141 1610 1302 1645 indidem
1339 1621 1382 1645 ex
1423 1610 1630 1657 Celtiberia]
1677 1612 1837 1647 indidem

1094 1667 1160 1691 aus
1186 1658 1278 1692 idem
1303 1657 1378 1692 und
1405 1659 1465 1700 de,
1499 1659 1568 1694 wie
1594 1660 1744 1694 aliunde
1769 1670 1834 1694 aus

1094 1704 1192 1738 alius
1229 1704 1303 1738 und
1347 1705 1389 1739 de
1427 1705 1664 1750 entstanden,
1702 1705 1837 1741 nimmt

1094 1751 1205 1786 meist
1247 1752 1340 1786 noch
1386 1752 1493 1786 einen
1533 1752 1753 1788 Ortsnamen
1793 1765 1836 1788 zu

1095 1798 1186 1841 sich,
1201 1798 1274 1843 vgl.
1288 1798 1347 1842 25,
1362 1803 1415 1843 15,
1430 1803 1448 1833 7
1464 1800 1623 1835 indidem
1637 1811 1679 1835 ex
1694 1801 1837 1836 Achaia
1902 1812 1904 1814 ·

1095 1846 1254 1880 oriundi.

1144 1897 1174 1927 7.
1201 1893 1316 1928 decem
1348 1894 1489 1928 circ-iter
1520 1894 1640 1939 milia]
1668 1893 1746 1929 Liv.
1774 1905 1836 1939 ge-

1094 1940 1252 1974 braucht
1277 1941 1419 1975 circiter
1441 1952 1510 1975 nur
1536 1941 1630 1976 noch
1656 1940 1716 1984 42,
1733 1945 1789 1984 66,
1805 1945 1834 1976 9.

1094 1986 1155 2030 44,
1176 1991 1232 2030 40,
1255 1991 1293 2029 7;
1320 1986 1454 2022 Caesar
1479 1988 1546 2022 hat
1565 1999 1602 2022 es
1623 1989 1715 2023 iiber
1734 1988 1836 2023 acht-

1094 2035 1248 2078 zigma13
1284 2034 1488 2079 ungefahre
1525 2035 1835 2080 Zahlenangaben

1095 2081 1222 2116 maeht
1259 2081 1335 2117 Liv.
1378 2081 1446 2116 mit
1483 2082 1608 2124 ferme,
1645 2083 1737 2125 fere,
1775 2083 1835 2124 ad,

1089 2139 1214 2172 prope.

1143 2177 1241 2210 circa
1271 2176 1385 2221 viam]
1422 2176 1512 2219 „auf
1544 2175 1678 2210 beiden
1710 2175 1835 2211 Seiten

1095 2222 1159 2256 des
1179 2222 1337 2267 WVeges“
1377 2222 1448 2268 vgl.
1473 2223 1511 2265 1,
1533 2227 1570 2265 4,
1593 2227 1612 2256 6
1639 2233 1682 2257 ese
1707 2224 1837 2257 monti-

1095 2270 1177 2311 bus,
1208 2271 1272 2313 qui
1297 2271 1395 2304 circa
1428 2273 1515 2304 sunt
1542 2286 1584 2297 =
1611 2270 1677 2304 auf
1703 2270 1835 2304 beiden

1095 2316 1217 2351 Ufern.
1264 2316 1331 2360 27,
1358 2320 1418 2360 18,
1446 2321 1466 2350 5
1492 2320 1576 2352 civite
1600 2318 1766 2361 circaque
1791 2333 1835 2345 =

1094 2374 1184 2398 vorn
1210 2363 1286 2397 und
1312 2362 1378 2398 auf
1400 2364 1533 2398 beiden
1561 2363 1697 2398 Seiten.

1142 2411 1244 2444 laeva
1277 2431 1319 2435 —-
1353 2411 1481 2445 dextra
1517 2432 1557 2436 —-
1591 2411 1722 2456 terrere]
1749 2423 1836 2453 „zur

1093 2457 1237 2492 Linken
1264 2477 1306 2482 —
1335 2470 1398 2492 zur
1430 2458 1595 2493 Rechten
1621 2475 1665 2486 =
1692 2459 1835 2492 stehn.“

1094 2508 1208 2539 tenere
1233 2505 1382 2539 absolut
1407 2506 1481 2549 vgl.
1502 2505 1568 2549 32,
1592 2509 1629 2548 5,
1659 2508 1700 2539 12
1726 2506 1834 2539 statio

1087 2562 1291 2596 paucorum
1317 2556 1542 2587 armatorum
1567 2552 1714 2587 tenebat.

1141 2603 1172 2633 8.
1206 2600 1304 2634 omui
1335 2601 1433 2634 iusta
1464 2600 1618 2634 militari
1649 2599 1829 2643 custodia]

1094 2646 1158 2680 der
1191 2646 1455 2691 Grundbegriff
1485 2646 1638 2681 militari
1669 2646 1833 2680 custodia

1094 2692 1145 2727 ist
1169 2693 1285 2727 durch
1313 2693 1419 2728 zwei
1445 2692 1693 2728 koordinierte
1719 2692 1831 2726 Attri-

1094 2741 1182 2775 bute
1203 2740 1407 2775 bekleidet:
1428 2741 1525 2775 onmi
1544 2740 1641 2774 iusta
1662 2759 1705 2763 —-
1727 2750 1830 2782 „vor-

1093 2787 1397 2832 schriftsmessige
1446 2787 1680 2830 Bewachung
1725 2785 1831 2830 jeder

1091 2834 1199 2877 Art“;
1220 2845 1294 2869 was
1305 2845 1374 2868 nur
1387 2833 1503 2868 selten
1517 2833 1576 2875 ist,
1603 2833 1678 2877 vgl.
1691 2832 1752 2876 25,
1765 2837 1796 2876 8,
1813 2839 1827 2866 1

1091 2883 1248 2916 duarum
1288 2881 1591 2916 nobilissimarum
1634 2881 1674 2914 in
1713 2881 1831 2915 Italia
