1953 3278
140 150 164 169 ι.
186 144 236 170 ch.
258 145 316 170 2003.
641 132 789 168 LIBER
815 132 978 169 XXVIII.
1030 132 1130 168 CAP.
1161 137 1213 167 11.
1641 135 1696 173 25

144 243 266 284 deum
300 241 565 295 benignitate
599 243 858 281 summotum
885 239 1042 281 bellum
1074 241 1126 281 ab
1154 240 1257 281 urbe
1285 239 1479 281 Romana
1506 243 1548 280 et
1574 239 1697 280 Latio

141 315 252 352 esse,
292 302 334 340 et
365 313 489 354 posse
523 299 613 340 sine
654 303 769 340 metu
801 299 844 340 in
877 299 990 354 agris
1023 298 1227 353 habitari3
1266 299 1439 340 minime
1471 299 1696 340 convenire

141 358 312 400 Siciliae
345 372 473 413 quam
505 356 656 398 Italiae
696 357 898 399 colendae
937 358 1141 399 maiorem
1183 372 1326 398 curam
1359 372 1461 398 esse.
1524 357 1595 398 sed
1629 371 1695 397 res

138 417 470 471 haudquaquam
512 420 602 457 erat
640 416 799 470 populo
841 415 994 469 facilis,
1038 419 1079 457 et
1122 416 1266 456 liberis
1311 415 1544 457 cultoribus
1584 415 1696 456 bello

141 475 381 529 absumptis
422 478 463 516 et
502 475 649 529 inopia
694 475 966 515 servitiorum
1011 478 1053 515 et
1096 488 1246 528 pecore
1290 474 1453 529 direpto
1499 474 1695 528 villisque

140 534 293 575 dirutis
327 536 401 575 aut
433 534 637 586 incensis,
677 546 836 587 magna
868 535 1013 572 tamen
1051 547 1149 586 pars
1189 533 1443 574 auctoritate
1477 534 1697 574 consulum

141 593 359 646 compulsa
397 593 441 633 in
480 606 606 647 agros
645 591 905 645 remigravit.
975 593 1201 632 moverant
1240 594 1382 632 autem
1420 592 1593 632 huiusce
1634 591 1695 632 rei

139 652 400 692 mentionem
434 651 779 692 Placentinorum
813 650 855 690 et
887 646 1238 690 Cremonensium
1279 649 1432 704 legati,
1473 654 1696 704 querentes

139 724 287 765 agrum
323 724 446 751 suum
473 709 525 750 ab
553 708 706 749 accolis
734 707 869 749 Gallis
896 708 1106 749 incursari
1134 723 1181 749 ac
1208 708 1380 761 vastari,
1412 722 1696 763 magnamque

139 772 305 823 partem
339 768 587 810 colonorum
622 781 796 807 suorum
829 766 1040 821 dilapsam
1073 781 1184 821 esse,
1226 770 1268 808 et
1299 768 1383 808 iam
1417 767 1696 821 infrequentis

139 841 182 868 se
214 827 360 880 urbes,
400 840 552 880 agrum
585 828 754 866 vastum
789 839 837 866 ac
869 825 1081 866 desertum
1119 801 1288 867 ha'bere.
1350 826 1543 867 Mamilio
1578 840 1695 879 prae-

136 885 220 926 tori
259 884 526 937 mandatum,
571 886 619 925 ut
657 883 846 926 colonias
891 884 944 924 ab
986 884 1108 925 hoste
1156 887 1366 940 tueretur,
1411 885 1604 926 consules
1647 899 1697 924 ex

137 947 309 984 senatus
348 943 542 984 consulto
583 942 825 996 edixerunt,
868 945 916 983 ut
953 943 1025 997 qui
1064 943 1178 984 cives
1219 942 1527 986 Cremonenses
1569 948 1696 997 atque

135 1001 378 1043 Placentini
410 1004 570 1054 essent,
603 1004 704 1043 ante
738 1003 897 1042 certam
925 1000 1036 1042 diem
1070 1001 1115 1042 in
1147 1003 1337 1043 colonias
1369 1006 1696 1044 reverterentur.

136 1061 351 1115 principio
385 1060 536 1101 deinde
570 1061 679 1102 veris
713 1064 755 1101 et
786 1060 869 1114 ipsi
902 1059 953 1100 ad
986 1060 1147 1101 bellum
1178 1062 1360 1115 profecti
1393 1064 1504 1103 sunt.

257 1118 306 1167 Q.
340 1117 551 1161 Caecilius
584 1119 731 1160 consul
764 1119 994 1160 exercitum
1028 1119 1081 1160 ab
1116 1118 1161 1161 C.
1193 1119 1384 1175 Nerone,
1417 1120 1461 1161 L.
1493 1119 1697 1161 Veturius

138 1193 163 1219 a
190 1177 240 1226 Q.
268 1176 445 1219 Claudio
471 1180 750 1232 propraetore
783 1177 946 1231 accepit
977 1179 1183 1233 novisque
1216 1179 1438 1232 militibus,
1470 1193 1575 1233 quos
1608 1179 1698 1232 ipse

137 1237 461 1290 conscripserat,
489 1237 716 1290 supplevit.
772 1236 818 1277 in
844 1234 1155 1278 Consentinum
1183 1251 1334 1292 agrum
1362 1239 1556 1280 consules
1585 1251 1696 1278 exer-

138 1296 269 1337 citum
302 1294 511 1336 duxerunt
542 1295 788 1350 passimque
821 1295 1085 1349 depopulati,
1124 1311 1219 1337 cum
1253 1311 1409 1351 agmen
1446 1297 1532 1338 iam
1566 1309 1696 1351 grave

64 1347 67 1351 ⁴
136 1354 294 1408 praeda
314 1356 437 1407 esset,
452 1354 496 1394 in
511 1353 624 1394 saltu
647 1356 830 1408 angusto
852 1368 877 1394 a
891 1352 1077 1395 Bruttiis
1093 1354 1487 1410 iaculatoribusque
1500 1354 1696 1396 Numidis

135 1480 440 1525 Unmo‘glichkeit
459 1480 559 1516 einer
580 1481 795 1526 geregelten
815 1481 880 1515 Be-

135 1528 284 1572 bauung
315 1538 439 1562 waren
470 1528 565 1563 viele
603 1528 642 1562 in
680 1528 738 1563 die
773 1527 882 1562 Stadt

134 1585 313 1619 gezogen;
357 1574 431 1619 vgl.
471 1575 536 1618 26,
578 1579 641 1617 10,
681 1579 701 1610 8
740 1575 881 1617 refertis

134 1622 327 1657 itineribus
352 1623 548 1666 aqi-estium
574 1623 690 1657 turba.

183 1679 332 1715 Siciliae
381 1691 491 1724 quam
533 1681 670 1716 Italiae
713 1681 880 1716 colendae

134 1728 306 1762 maiorem
331 1727 472 1773 curam]
505 1727 565 1762 fiir
592 1726 744 1763 Sicilien
775 1728 878 1762 hatte

135 1773 362 1809 namentlich
399 1775 447 1809 M.
487 1774 657 1809 Valerius
697 1774 879 1809 Laevinus

135 1822 304 1867 gesorgt;
347 1821 420 1866 vgl.
456 1820 523 1863 27,
557 1826 594 1866 5,
629 1826 651 1855 4
687 1822 801 1856 omnis
838 1822 880 1856 in

135 1868 252 1910 urbes,
277 1869 318 1902 in
343 1878 450 1912 aqros
468 1879 551 1903 suos
576 1869 740 1903 reductos
760 1879 878 1912 arare,

135 1926 256 1950 serere.
307 1915 358 1949 Zu
395 1926 504 1959 quam
541 1926 607 1950 vor
645 1915 729 1950 dem
769 1915 877 1950 Kom—

133 1962 280 2007 parativ
324 1960 399 2006 vgl.
436 1973 465 1997 c.
502 1966 562 2005 12,
603 1966 644 1996 11
689 1963 880 2007 Hispania

133 2020 208 2044 non
240 2019 347 2054 quam
373 2009 494 2043 Italia
525 2010 646 2052 modo,
681 2010 741 2044 sed
772 2021 880 2054 quam

134 2058 214 2092 ulla
233 2066 327 2100 pars
352 2058 534 2091 terrarum
560 2057 648 2092 bello
673 2057 880 2101 reparando

134 2105 268 2149 aptior.

182 2163 214 2194 9.
252 2169 308 2194 res
341 2161 624 2205 haudquaquam
661 2181 704 2186 -—
739 2162 878 2208 facilis]

134 2206 204 2240 wie
217 2207 330 2250 haud,
353 2218 393 2242 so
413 2207 463 2242 ist
482 2207 578 2243 auch
596 2209 880 2253 haudquaquam

134 2253 195 2288 bei
231 2253 311 2289 Liv.
355 2254 546 2290 mehrfach
585 2267 657 2291 von
700 2256 784 2290 dem
821 2267 879 2289 zu-

134 2300 339 2345 geborigen
359 2302 489 2337 Worte
516 2302 631 2338 durch
654 2302 879 2347 Prapositio-

134 2358 205 2382 nen
237 2348 326 2382 oder
360 2348 496 2384 andere
522 2349 651 2385 Worte
687 2353 877 2394 getrennt3

134 2394 253 2439 vgl‘)
231 2394 291 2438 7,
306 2398 363 2438 44,
378 2399 398 2429 9
424 2396 523 2430 haud
547 2407 627 2431 cum
652 2397 774 2442 iynoto
799 2408 879 2432 eum

135 2441 224 2476 duce
248 2453 282 2476 u.
311 2445 424 2485 c.26,
452 2446 469 2476 1
501 2443 782 2488 haudquaquam
807 2454 879 2479 sese

128 2499 258 2533 parem
281 2489 450 2532 futurum
474 2501 508 2524 ιι.
537 2501 567 2525 o.

182 2547 381 2582 cultoribus
400 2547 615 2593 absumptis]
636 2547 695 2582 die
715 2548 877 2594 Notlage

135 2594 199 2628 des
219 2593 515 2629 Bauernstandes
533 2594 584 2629 ist
609 2595 792 2630 drastisch
816 2607 878 2641 ge·

137 2641 316 2676 schildert
341 2641 404 2683 27,
431 2645 463 2676 9.
502 2641 570 2676 Die
598 2641 759 2677 Sklaven
784 2654 885 2677 man-

135 2688 235 2733 geln,
252 2688 338 2722 weil
358 2700 443 2723 man
458 2688 511 2723 sie
531 2687 616 2723 teils
637 2700 720 2723 zum
737 2689 885 2734 Kriegs-

136 2735 258 2770 dienst
291 2735 546 2781 hergegeben,
586 2736 672 2770 teils
711 2746 777 2770 aus
809 2736 887 2771 Not

134 2781 368 2827 abgeschafft
392 2783 506 2817 hatte.

186 2844 241 2875 10.
274 2844 459 2876 moverant
490 2862 534 2867 —
566 2841 793 2887 mentionem]
826 2841 885 2876 fiir

137 2886 396 2933 Einbringung
445 2888 544 2924 eines
594 2890 780 2933 Antrages
836 2888 885 2923 ist

954 1483 1056 1516 sonst
1070 1482 1471 1527 stehendeWendung:
1487 1483 1698 1517 mentionem

952 1529 1087 1571 inferre
1095 1543 1107 1570 ,·
1150 1540 1285 1564 moi-ere
1324 1547 1367 1558 =
1406 1540 1582 1573 anregen,
1623 1529 1696 1573 vgl.

953 1576 986 1619 5,
1008 1579 1064 1619 24,
1087 1580 1106 1610 7
1132 1578 1227 1611 actio
1252 1578 1469 1612 movebatur.
1506 1576 1567 1621 32,
1593 1580 1649 1620 40,
1679 1581 1695 1610 1

952 1624 1166 1667 disceptatio
1192 1627 1241 1658 est
1266 1627 1371 1658 mota.

998 1682 1200 1728 incursari]
1270 1682 1336 1717 das
1405 1681 1697 1717 ausschliesslich

951 1728 1182 1764 Livianische
1207 1730 1396 1764 incursare
1415 1730 1482 1764 hat
1502 1729 1560 1764 die
1581 1729 1697 1764 Sache

951 1776 1003 1809 im
1030 1777 1228 1811 Accusativ
1255 1776 1303 1820 (2,
1329 1780 1385 1819 48,
1412 1781 1432 1811 6
1460 1787 1566 1820 aqros
1588 1788 1621 1810 u.
1650 1777 1696 1819 o.)

952 1823 1069 1857 selten
1094 1823 1164 1857 mit
1190 1824 1230 1857 in
1255 1823 1316 1858 bei
1341 1823 1420 1858 sich
1447 1822 1522 1867 (29,
1551 1827 1582 1865 5,
1610 1827 1630 1857 6
1658 1824 1699 1858 iu

952 1871 1111 1914 aqrum);
1134 1869 1193 1904 die
1207 1869 1345 1904 Person
1368 1870 1487 1905 selten
1509 1870 1560 1904 im
1583 1873 1698 1905 Accu-

953 1917 1049 1951 sativ
1077 1917 1152 1961 (27,
1179 1920 1236 1961 48,
1263 1921 1283 1951 2
1311 1918 1470 1961 aqmen);
1496 1917 1605 1952 meist
1630 1917 1697 1951 mit

952 1965 993 1998 in
1019 1963 1093 2007 (34,
1122 1967 1176 2008 19,
1203 1967 1223 1998 2
1250 1965 1292 1998 in
1316 1965 1511 2008 stationes).

1003 2026 1056 2058 11.
1078 2026 1160 2057 ante
1175 2026 1307 2057 certam
1321 2023 1428 2068 diem]
1451 2023 1511 2058 bei
1531 2023 1561 2057 T
1565 2023 1697 2057 ermin-

952 2069 1224 2114 festsetzungen
1272 2070 1362 2105 hebt
1405 2070 1471 2104 das
1509 2070 1696 2105 Dentsche

951 2116 1102 2160 hervor,
1147 2116 1226 2151 dass
1269 2116 1351 2151 eine
1390 2117 1508 2152 Sache
1545 2117 1615 2152 bis
1653 2129 1697 2151 zu

953 2163 1074 2198 einem
1112 2163 1351 2199 bestimmten
1391 2164 1493 2209 Tage
1538 2164 1697 2208 erledigt

951 2210 1029 2245 sein
1060 2210 1141 2254 soll,
1169 2211 1234 2245 das
1260 2210 1508 2254 Lateinische‚
1537 2210 1617 2246 dass
1644 2211 1696 2246 sie

951 2268 1028 2292 vor
1054 2257 1268 2292 demselben
1288 2258 1490 2303 abgestellt
1516 2258 1594 2293 sein
1614 2258 1695 2293 soll.

998 2309 1030 2339 et
1061 2304 1150 2350 ipsi]
1190 2304 1260 2339 mit
1293 2304 1505 2349 Beziehung
1542 2304 1609 2339 auf
1636 2304 1696 2340 die

951 2352 1067 2386 sehon
1109 2352 1235 2386 frfiher
1279 2353 1571 2397 abgegangenen
1611 2352 1696 2386 Pra-

950 2400 1066 2433 toren.

998 2456 1698 2504 c.11‚12-12‚10.Kr1eggegen

950 2503 1188 2539 Hannibal.
1225 2504 1510 2550 Wfirdigung
1530 2505 1698 2540 Hanni-

950 2550 1049 2585 bals
1075 2550 1132 2585 im
1157 2551 1378 2596 Unglfick.

1000 2613 1054 2644 13.
1082 2611 1123 2644 in
1149 2610 1407 2645 Consentinum
1433 2610 1576 2655 aqi-um]
1606 2609 1696 2644 Con-

958 2657 1085 2698 sentia,
1100 2657 1209 2691 Stadt
1223 2657 1259 2691 in
1270 2657 1456 2692 Bruttium
1467 2674 1508 2685 =
1519 2656 1699 2699 Cosenza;

958 2705 1026 2737 215
1052 2715 1096 2737 zu
1121 2703 1308 2738 Hannibal
1333 2704 1603 2748 fibergetreten.

1004 2750 1336 2794 iaculatoribusque
1383 2749 1573 2796 Numidis]
1633 2751 1699 2785 das

957 2806 1083 2830 nomen
1113 2798 1244 2840 qentile
1281 2797 1372 2831 statt
1410 2797 1473 2831 des
1512 2808 1584 2832 von
1621 2797 1698 2831 ihm

957 2842 1207 2887 abgeleiteten
1274 2844 1535 2889 Adjektivums
1600 2845 1699 2879 steht

957 2889 1195 2936 regelmassig
1214 2890 1275 2925 bei
1295 2890 1611 2937 Gattungsnamen
1626 2902 1695 2926 von

1723 602 1765 633 10

1726 839 1765 868 11

1727 1254 1767 1284 13
