1953 3278
196 1228 217 1257 4
245 1216 372 1257 sistis.

241 166 299 208 84
696 163 838 199 LIBER
863 163 1025 198 XXVIII.
1070 163 1170 198 CAP.
1199 166 1254 198 38.
1282 166 1336 198 39.

1630 179 1656 197 a.
1679 179 1708 196 u.
1730 173 1792 198 549.

239 275 341 316 liam
377 272 655 327 appellabant
688 295 742 300 —
776 268 844 324 Sp.
878 269 1089 323 Lucretio,
1122 268 1269 311 Sicilia
1300 269 1344 311 L.
1376 270 1574 324 Aemilio,
1607 268 1680 312 Cn.
1715 268 1791 312 Oc-

238 334 355 376 tavio
388 330 594 374 Sardinia.

359 390 538 432 Senatus
577 388 621 428 in
659 386 871 441 Capitolio
908 387 1094 428 habitus.

1161 386 1222 428 ibi
1260 386 1466 428 referente
1511 387 1556 428 P.
1595 386 1793 442 Scipione

241 452 413 492 senatus
446 447 688 496 consultum
719 446 882 488 factum
914 449 990 499 est,
1022 448 1070 487 ut
1102 460 1208 500 quos
1241 444 1363 486 ludos
1397 445 1507 486 inter
1540 446 1792 488 seditionem

241 508 469 550 militarem
501 506 544 547 in
576 504 788 559 Hispania
825 504 1030 558 vovisset,
1069 519 1118 545 ex
1150 518 1200 546 ea
1231 503 1429 558 pecunia,
1468 518 1594 558 quam
1626 505 1717 559 ipse
1749 505 1793 546 in

169 573 218 607 39
240 566 449 609 aerarium
495 565 738 618 detulisset,
782 564 951 606 faceret.

240 627 435 667 senatum
480 623 727 666 introduxit.

1018 566 1111 605 tum
1156 562 1491 618 Saguntinorum
1536 563 1701 617 legatos
1747 564 1792 604 in

794 637 844 664 ex
883 623 942 664 eis
982 623 1191 664 maximus
1229 624 1350 662 natu:
1393 621 1500 674 „etsi
1537 621 1645 662 nihil
1682 622 1795 664 ultra

241 684 452 726 malorum
480 686 556 736 est,
588 685 733 737 patres
761 682 1004 735 conscripti,
1037 696 1164 736 quam
1191 680 1301 735 quod
1334 680 1451 734 passi
1477 694 1635 734 sumus,
1667 683 1715 722 ut
1742 681 1792 722 ad

238 743 436 785 ultimum
478 742 604 782 fidem
638 741 760 783 vobis
799 744 1130 795 praestaremus,
1177 743 1320 781 tamen
1366 753 1415 780 ea
1458 740 1600 779 vestra
1641 740 1796 780 merita

240 803 632 857 imperatorumque
665 802 906 841 vestrorum
939 813 1040 854 erga
1071 813 1150 840 nos
1182 799 1373 852 fuerunt,
1411 800 1459 838 ut
1496 812 1574 839 nos
1613 797 1794 839 cladium

195 875 212 902 ·.’
239 863 483 903 nostrarum
531 874 618 900 non
666 859 895 913 paeniteat.

972 858 1132 899 bellum
1181 860 1355 912 propter
1404 870 1482 898 nos
1535 856 1795 911 suscepistis,

242 922 488 973 susceptum
521 920 720 972 quartum
760 917 970 958 decimum
1011 931 1168 957 annum
1207 919 1296 957 tam
1329 915 1603 970 pertinaciter
1635 915 1795 970 geritis,

241 982 289 1020 ut
320 992 445 1032 saepe
486 976 538 1018 ad
578 977 776 1018 ultimum
816 976 1045 1017 discrimen
1084 978 1126 1016 et
1163 975 1247 1028 ipsi
1280 974 1481 1016 veneritis
1521 977 1563 1015 et
1594 975 1798 1028 populum

196 1052 215 1081 3
243 1036 644 1092 Carthaginiensem
679 1035 952 1076 adduxeritis.

1015 1048 1110 1075 cum
1143 1034 1186 1074 in
1212 1032 1338 1074 Italia
1367 1036 1456 1074 tam
1484 1035 1605 1074 atrox
1636 1033 1796 1074 bellum

245 1102 288 1138 et
325 1096 617 1138 Hannibalem
655 1094 822 1135 hostem
860 1093 1094 1146 haberetis,
1133 1092 1350 1133 consulem
1397 1105 1492 1132 cum
1531 1092 1715 1133 exercitu
1754 1092 1798 1132 in

248 1156 500 1210 Hispaniam
533 1155 649 1196 velut
684 1153 737 1194 ad
768 1151 1046 1207 conligendas
1078 1151 1278 1205 reliquias
1310 1149 1526 1205 naufragii
1558 1150 1696 1191 nostri
1727 1151 1801 1191 mi-

439 1213 485 1254 P.
525 1215 566 1254 et
605 1212 680 1254 Cn.
721 1210 928 1265 Cornelii,
972 1225 1022 1252 ex
1062 1224 1144 1265 quo
1190 1210 1233 1250 in
1271 1209 1536 1263 provinciam
1580 1211 1800 1263 venerunt,

245 1274 365 1315 nullo
392 1276 583 1327 tempore
610 1271 879 1324 destiterunt,
911 1284 1018 1324 quae
1045 1269 1168 1311 nobis
1196 1268 1381 1310 secunda
1406 1281 1596 1322 quaeque
1623 1267 1800 1308 adversa

297 1382 349 1411 14.
382 1378 423 1411 iu
464 1376 659 1422 Capitolio]
700 1376 754 1410 als
791 1374 852 1410 die
891 1377 986 1409 erste

244 1425 434 1459 feierliche
455 1424 608 1467 Sitzung
633 1423 697 1457 des
724 1434 842 1458 neuen
862 1422 985 1456 Amts-

241 1473 384 1517 jahres;
423 1471 498 1515 vgl.
532 1471 598 1513 26,
633 1475 668 1512 1,
704 1474 720 1504 1
756 1481 834 1504 cum
866 1470 989 1504 idibus

248 1520 402 1554 *Martiis
415 1519 668 1562 magistratum
681 1519 844 1560 inissent,
861 1520 989 1552 senatu

245 1568 286 1601 in
314 1566 535 1610 Capitolium
560 1568 692 1601 vocato.

293 1623 328 1648 c.
347 1613 410 1648 39.
438 1610 797 1647 Gesandtschaft
816 1611 894 1645 der
914 1610 989 1644 Sa-

246 1660 473 1706 guntiner.

296 1707 396 1742 Rede
442 1707 506 1741 der
551 1706 771 1742 Gesandten.
826 1704 988 1739 Aufzah-

246 1755 337 1799 lung
374 1755 438 1789 der
470 1754 686 1788 Verdienste
724 1753 836 1787 Roms
870 1752 989 1796 (2—3)

247 1803 321 1836 und
348 1801 467 1836 seiner
487 1801 688 1835 Feldherrn
712 1801 856 1844 (4-12)
883 1800 991 1833 unter

247 1849 488 1893 bestandiger
532 1847 754 1892 Steigerung
803 1847 866 1881 der
910 1856 990 1880 aus-

248 1897 526 1941 gesprochenen
583 1894 876 1938 Aneflxemmng,
932 1893 991 1927 die

250 1943 373 1988 Scipio
406 1942 618 1987 gegeniiber
651 1941 796 1987 gipfelt.
849 1940 991 1975 Zuletzt

248 1991 504 2038 Danksagung
571 1989 644 2023 und
704 1987 990 2029 Glfickwunsch‚

248 2031 529 2082 Uberreiehung
542 2037 641 2071 eines
650 2035 991 2080 Weihgcschenkes

268 2086 431 2121 13-16'›.

250 2088 261 2129 (
301 2137 330 2167 1.
364 2132 653 2176 §ayuntinorum
697 2129 845 2175 leyatos]
884 2130 992 2163 unter

250 2180 333 2214 dem
342 2179 363 2213 J
365 2179 454 2213 ahre
464 2182 531 2212 214
543 2177 633 2212 wird
642 2177 826 2212 berichtet
833 2176 994 2221 (Βαριω-

250 2228 338 2271 tum)
366 2227 403 2260 vi
423 2226 532 2269 pulso
553 2225 739 2269 praesidio
769 2224 911 2258 Punico
942 2234 992 2257 re-

251 2277 419 2318 ceperunt
435 2273 698 2316 cultoribusque
712 2271 886 2315 antiquis,
906 2280 994 2314 quos

251 2333 294 2356 esc
314 2322 361 2355 iis
376 2321 570 2364 reliquerat
582 2321 636 2354 vis
652 2319 744 2360 belli,
758 2318 994 2352 restituerunt

251 2368 311 2410 24,
339 2372 394 2408 42,
424 2371 476 2402 10.

303 2415 394 2449 nisi]
422 2415 518 2448 ultra
544 2414 719 2447 malorum
745 2415 794 2447 est
814 2432 858 2437 —-
886 2422 994 2455 quam

253 2463 364 2507 quod]
385 2462 478 2495 nihil
498 2461 597 2495 ultra
616 2460 728 2494 meist
749 2459 786 2493 in
806 2459 992 2493 unmittel-

253 2510 361 2544 barer
393 2508 616 2552 Anlehnung
651 2518 698 2541 an
733 2507 797 2540 das
830 2505 993 2540 Verbum

255 2555 476 2598 adverbiel13
503 2554 575 2599 vgl.
591 2554 650 2595 ⁶29,
669 2558 722 2594 12,
738 2558 756 2588 7
779 2554 872 2587 nihil
897 2553 995 2587 ultra

255 2624 299 2629 -
313 2604 478 2638 inritatis
491 2603 593 2637 odiis.
621 2601 679 2643 25,
696 2605 728 2644 9,
743 2605 763 2634 6
784 2600 877 2635 nihil
896 2601 996 2634 ultra

254 2654 389 2692 motus,·
426 2651 496 2683 mit
526 2648 736 2692 folgendem
772 2659 897 2692 quam:
935 2647 995 2690 21,

255 2702 317 2742 25,
354 2702 370 2731 1
407 2697 500 2731 nihil
538 2697 636 2730 ultra
673 2706 781 2739 quam
819 2695 996 2729 Hiberum

255 2746 428 2780 transisse
448 2764 492 2769 —-
506 2744 691 2788 perlatum
716 2746 801 2776 erat.
829 2741 887 2783 26,
903 2745 958 2783 30,
974 2744 994 2775 8

256 2793 344 2836 quid
363 2793 463 2826 ultra
483 2802 589 2836 qua-{n
609 2791 703 2835 quod
722 2789 891 2831 feceriut;
918 2788 996 2822 hier

257 2856 300 2867 =
322 2841 428 2873 unter
454 2839 526 2873 den
548 2837 665 2872 Ubeln
691 2836 796 2880 giebt
815 2847 851 2870 es
876 2835 996 2870 nichts

256 2885 348 2920 fiber
380 2886 444 2920 das
477 2885 625 2928 hinaus,
652 2895 727 2918 was
755 2883 821 2918 wir
847 2883 997 2917 erlitten

257 2932 388 2968 haben.

1108 1378 1140 1409 2.
1161 1373 1367 1417 suscepistis
1388 1392 1431 1396 —
1452 1371 1697 1418 adduaeeritis]
1718 1372 1801 1406 dem

1061 1421 1206 1456 Redner
1232 1419 1377 1455 scheint
1397 1419 1478 1453 eine
1500 1419 1730 1463 Erinnerung
1755 1429 1806 1453 an

1060 1469 1121 1508 21,
1148 1473 1178 1509 1,
1199 1471 1219 1501 2
1246 1468 1334 1502 adeo
1360 1477 1489 1510 auceps
1516 1466 1622 1501 Mars
1646 1467 1737 1510 fuit,
1763 1469 1803 1501 ut

1055 1516 1213 1560 propius
1236 1515 1438 1559 periculum
1455 1514 1605 1556 fuerint,
1631 1514 1694 1558 qui
1711 1514 1802 1548 vice-

1060 1566 1148 1597 runt
1166 1561 1484 1597 vorzuschweben.
1524 1559 1580 1595 Da
1601 1559 1720 1595 ausser
1740 1560 1804 1595 der

1063 1609 1240 1644 Schlacht
1258 1620 1319 1643 am
1334 1608 1523 1642 Metaurus
1544 1608 1624 1642 eine
1650 1606 1772 1652 gross
1784 1617 1802 1641 e

1060 1656 1283 1700 Niederlage
1298 1656 1362 1690 der
1371 1655 1581 1698 Karthager
1594 1655 1690 1689 noch
1700 1654 1805 1689 nicht

1062 1716 1105 1738 zu
1137 1703 1377 1738 verzeichncn
1408 1702 1472 1743 ist.
1512 1701 1610 1746 paret
1644 1700 1704 1736 die
1736 1700 1804 1736 Be-

1062 1751 1262 1794 trachtung
1281 1750 1403 1784 besser
1429 1760 1476 1783 an
1502 1749 1568 1783 das
1594 1749 1713 1783 Ende
1741 1748 1803 1783 des

1063 1809 1202 1843 ganzen
1228 1797 1390 1841 Krieges.

1105 1861 1272 1901 quartum
1288 1856 1461 1890 decimum
1472 1866 1519 1889 an
1526 1854 1625 1900 num]
1640 1865 1679 1897 „s
1689 1866 1707 1889 c
1716 1855 1740 1888 h
1749 1865 1769 1888 o
1778 1865 1802 1887 n

1065 1904 1136 1938 seit
1165 1907 1206 1938 14
1231 1903 1408 1945 Jahren“;
1440 1901 1609 1936 indessen
1644 1902 1709 1935 hat
1739 1900 1804 1935 das

1064 1950 1396 1986 Ordinalzahlwort
1421 1948 1473 1983 im
1493 1947 1691 1984 Accusativ
1711 1947 1805 1982 auch

1063 1999 1117 2034 oft
1155 1999 1228 2033 iam
1267 1996 1327 2032 bei
1364 1996 1460 2039 sich3
1499 1996 1572 2042 vgl.
1600 1995 1668 2038 24,
1695 1999 1757 2038 42,
1785 1998 1805 2030 9

1063 2049 1227 2081 octavum.
1259 2045 1334 2079 iam
1361 2055 1500 2079 aunum
1526 2060 1569 2072 =
1597 2042 1710 2078 sehon
1736 2042 1807 2077 seit

1065 2097 1084 2128 8
1111 2093 1260 2127 Jahren.

1112 2144 1143 2175 3.
1171 2140 1348 2174 consulem
1377 2158 1418 2163 —
1444 2137 1608 2182 misistis]
1630 2136 1702 2170 -die
1729 2136 1799 2170 Ab·

1065 2187 1232 2231 sendung
1275 2186 1450 2230 erfolgte‚
1501 2185 1637 2219 bevor
1680 2182 1723 2217 H.
1768 2183 1806 2217 in

1067 2233 1199 2269 Italien
1225 2244 1316 2275 war3
1343 2232 1403 2275 21,
1432 2236 1485 2266 17.

1113 2293 1286 2337 reliquias
1317 2291 1511 2334 naufrayz'i
1541 2289 1673 2335 nostri]
1709 2299 1806 2332 „was

1066 2351 1137 2374 von
1157 2351 1224 2374 uns
1243 2339 1339 2373 nach
1360 2338 1443 2372 dem
1465 2337 1660 2372 erlittenen
1676 2334 1806 2371 Schiff-

1065 2386 1183 2421 bruch
1209 2386 1305 2420 noch
1331 2384 1440 2429 iibrig
1465 2386 1577 2418 war.“
1624 2383 1696 2417 Das
1723 2382 1807 2417 Bild

1066 2435 1164 2469 eines
1202 2432 1454 2467 Schiffbruchs
1491 2431 1540 2466 ist
1576 2442 1649 2466 von
1685 2432 1808 2465 unter-

1066 2480 1258 2525 gehenden
1280 2480 1432 2514 Staaten
1451 2478 1556 2513 nicht
1577 2479 1710 2520 selten3
1731 2477 1805 2521 vgl.

1067 2527 1127 2569 24,
1155 2532 1186 2570 8,
1215 2532 1256 2561 13
1283 2528 1422 2571 aliquot
1444 2526 1611 2570 procellis
1635 2524 1808 2559 submersi

1062 2587 1178 2620 paene
1202 2585 1335 2609 sumus.
1373 2574 1412 2616 5,
1435 2577 1490 2616 52,
1512 2577 1528 2606 1
1557 2583 1573 2607 e
1597 2571 1807 2616 uaufrayiis

1063 2623 1202 2667 prioris
1227 2623 1353 2666 culpae
1378 2621 1561 2664 cladisque
1588 2622 1805 2664 emergentes.

1116 2686 1147 2715 4.
1180 2682 1280 2716 nullo
1318 2679 1486 2724 tempore]
1527 2695 1569 2707 =
1606 2688 1806 2721 uunquam,

1070 2729 1174 2763 mehr
1194 2729 1258 2763 der
1269 2726 1540 2771 Volkssprache
1554 2734 1806 2769 angemessen,

1068 2776 1141 2820 vgl.
1168 2786 1241 2810 uno
1267 2779 1419 2819 tempore
1444 2785 1472 2807 c.
1500 2777 1532 2815 9,
1558 2776 1589 2807 4.

1115 2835 1219 2869 ‘nobis
1261 2832 1439 2877 sec-unda]
1487 2831 1556 2865 den
1596 2830 1706 2864 Dativ
1750 2830 1810 2864 bei

1068 2882 1246 2916 secundus
1282 2881 1347 2914 hat
1385 2878 1460 2912 Liv.
1495 2878 1587 2912 auch
1625 2875 1665 2922 5,
1699 2880 1761 2919 49,
1787 2880 1809 2911 4

1071 2929 1191 2963 omnia
1220 2947 1261 2952 —
1287 2927 1443 2961 secunda
1467 2926 1544 2959 suis
1570 2945 1612 2949 -—
1636 2925 1809 2969 providit.
