1953 3278
135 165 159 182 a.
181 157 232 183 (Ὶι.
258 158 318 182 206.
639 143 782 178 LIBER
808 142 970 178 XXVIII.
1016 143 1117 177 CAP.
1150 146 1200 176 19.
1635 140 1691 180 43

136 269 190 296 ne
228 255 321 308 quis
360 266 561 306 umquam
596 251 835 294 Romanum
874 251 1009 292 civem
1042 250 1274 290 militemve
1315 251 1357 289 in
1397 249 1485 289 ulla
1517 248 1690 288 fortuna

138 314 424 367 opportunum
463 310 642 351 iniuriae
681 310 861 351 duceret.
925 309 977 350 ab
1017 308 1096 349 hac
1135 308 1432 350 cohortatione
1471 306 1587 347 ducis
1629 307 1688 346 in-

137 371 256 412 citati
295 370 430 412 scalas
470 369 612 410 electis
653 383 726 422 per
765 368 1005 421 manipulos
1051 367 1151 407 viris
1191 367 1401 419 dividunt3
1447 365 1690 420 partitoque

135 429 341 481 exercitii,
379 428 439 469 ita
471 430 517 468 ut
552 428 661 481 parti
694 427 817 468 alteri
851 425 1018 466 Laelius
1051 428 1268 478 praeesset
1301 425 1489 479 legatus,
1525 423 1690 465 duobus

136 487 262 529 simul
308 487 412 528 locis
459 486 636 539 ancipiti
681 488 841 526 terrore
886 484 1033 524 urbem
1079 483 1397 537 adgrediuntur.
1472 497 1557 524 non
1608 482 1690 523 dux

134 559 243 586 unus
289 547 362 585 aut
406 545 548 598 plures
593 544 807 598 principes
853 541 1106 595 oppidanos,
1153 541 1225 582 sed
1265 556 1365 582 suus
1406 542 1595 594 ipsorum
1641 554 1690 580 ex

134 604 394 645 conscientia
425 604 572 657 culpae
604 604 742 642 metans
775 599 828 640 ad
860 599 1166 640 defendendam
1205 599 1371 653 inpigre
1414 600 1561 639 urbem
1594 600 1689 640 hor-

134 664 269 715 tatur3
302 665 344 703 et
375 662 658 703 memineranb
690 661 732 700 et
758 658 1048 699 admonebant
1075 657 1203 710 <alii>
1226 658 1331 698 alios
1354 657 1611 711 supplicium
1639 671 1690 698 ex

132 734 188 774 se,
213 735 300 761 non
322 721 541 762 victoriam
562 718 667 771 peti,
694 717 765 758 ubi
793 717 970 771 quisque
993 718 1174 757 mortem
1195 718 1428 770 oppeteret,
1454 716 1495 756 id
1516 716 1685 769 referre,

133 781 275 820 utrum
314 780 357 819 in
397 792 543 833 pugna
585 778 627 817 et
664 776 709 816 in
749 776 855 829 acie,
898 775 971 816 ubi
1012 774 1128 816 Mars
1168 775 1402 816 communis
1447 777 1490 814 et
1532 775 1691 815 victum

132 851 259 891 saepe
293 837 476 891 erigeret
508 838 550 877 et
583 834 805 889 adfligeret
830 834 1049 885 victorem,
1082 848 1137 874 an
1164 833 1401 887 postmodo,
1433 836 1621 873 cremata
1647 835 1690 873 eb

133 895 274 936 diruta
305 895 424 948 urbe,
457 897 557 935 ante
590 908 664 935 ora
695 895 917 947 captarum
950 892 1180 946 coniugum
1212 892 1546 945 liberorumque,
1579 892 1690 932 inter

130 954 307 994 verbera
332 955 374 994 et
399 953 580 1005 vincula,
608 952 752 993 omnia
777 951 902 993 foeda
929 954 1054 1004 atque
1075 951 1253 1005 indigna
1272 950 1388 1004 passi
1410 950 1689 1004 exspirarent.

130 1011 260 1066 igitur
291 1025 379 1053 non
411 1011 610 1052 militaris
644 1010 769 1052 modo
802 1011 919 1051 aetas
952 1011 1026 1051 aut
1059 1009 1140 1050 viri
1172 1011 1358 1062 tantum,
1394 1008 1468 1050 sed
1499 1008 1685 1049 feminae
1744 1027 1757 1053 ,-

129 1161 198 1196 wie
222 1161 282 1205 10,
303 1166 334 1204 9,
355 1165 377 1196 4
396 1162 501 1206 yrcwi
522 1171 640 1205 poena
666 1181 709 1185 —
736 1161 870 1195 sanxit.

129 1208 170 1250 8,
199 1212 229 1250 7,
259 1212 300 1243 19
333 1212 442 1243 morte
473 1212 538 1243 tua
571 1208 767 1243 sancienda
798 1209 872 1242 sint

129 1256 314 1290 consulum
352 1256 522 1300 imperia,
559 1267 628 1289 nur
665 1254 744 1289 dass
780 1256 872 1289 state

130 1302 195 1337 der
221 1302 342 1337 Strafe
374 1302 424 1336 im
451 1302 697 1346 allgemeinen
723 1302 871 1346 (poena,

127 1350 236 1392 mors)
275 1349 340 1384 das
378 1349 437 1384 die
472 1348 696 1393 Bestrafung
733 1348 872 1383 andern

129 1396 371 1430 vorhaltende
404 1395 567 1440 Beispiel
593 1396 869 1439 (documentum)

129 1443 272 1486 gesetzt
297 1443 356 1478 ist.

174 1500 381 1536 Romanum
419 1502 543 1546 civem]
583 1501 698 1535 durch
731 1501 870 1535 Voran-

129 1547 292 1592 stellung
311 1548 403 1583 wird
422 1548 612 1583 Romanus
630 1548 772 1590 betont,
796 1548 868 1592 vgl.

128 1593 194 1637 29,
224 1598 277 1637 17,
307 1599 347 1630 11
376 1597 453 1640 (nec
488 1596 680 1639 quiequam
705 1597 768 1638 est)
795 1594 869 1629 Ro-

128 1642 231 1675 mani
256 1642 344 1677 civis
368 1645 511 1686 praeter
535 1642 708 1677 habitum.

173 1703 416 1744 opportunum
447 1700 625 1742 iniuriae]
661 1700 749 1743 „der
780 1699 869 1734 Ver-

127 1746 277 1791 letzung
321 1747 504 1782 schutzlos
554 1746 868 1791 preisgegeben“;

125 1797 353 1837 opportunus
371 1805 443 1829 von
460 1794 658 1828 Mensehen
676 1794 746 1827 mih
759 1793 870 1828 Dassiv

128 1857 171 1868 =
191 1840 368 1885 geeignet
388 1841 445 1874 fiir
465 1842 594 1882 etwas;
614 1840 688 1885 vgl.
704 1839 738 1883 2,
757 1845 809 1882 13,
828 1844 869 1875 10

127 1898 203 1921 eam
223 1891 385 1930 aetatem,
401 1908 443 1912 ——
461 1898 551 1931 quae
569 1888 724 1921 mamime
742 1898 869 1931 oppor-

126 1937 219 1968 tuna
243 1935 405 1969 iniuriae
429 1938 523 1969 esset.

176 1996 208 2026 9.
245 1993 290 2027 ab
328 1993 396 2027 hac
433 1992 689 2037 cohortatione]
731 1992 871 2035 „soforh

127 2039 222 2074 nach
231 2039 306 2073 und
316 2039 458 2084 infolge
468 2040 586 2074 dieser
594 2039 868 2084 Ermahnung“;

125 2085 165 2120 in
197 2085 268 2120 den
300 2086 385 2120 sehr
420 2086 593 2130 haufigen
624 2086 870 2130 Wendungen

129 2133 175 2167 ab
195 2143 233 2168 eo
253 2134 453 2178 conloquio,
478 2134 523 2168 ab
543 2133 610 2167 hac
630 2133 804 2175 contione,
824 2133 868 2167 ab

125 2179 190 2214 hoc
213 2190 388 2223 sermone,
414 2181 460 2215 ab
493 2180 627 2214 recenti
651 2181 781 2214 nuntio
809 2179 869 2214 be-

126 2226 296 2262 zeichnet
321 2228 366 2262 ab
392 2227 566 2261 meisfiens
586 2238 655 2261 nur
673 2226 732 2261 die
753 2226 871 2261 soforb

128 2273 356 2308 eint-retende
378 2274 597 2317 Handlung,
623 2273 698 2317 vgl.
720 2285 750 2308 c.
771 2277 827 2315 33,
851 2277 868 2307 1

128 2320 173 2354 ab
192 2321 260 2354 hac
279 2321 443 2356 oratione
461 2321 643 2362 dimissos;
664 2320 723 2354 fiir
742 2321 787 2355 ab
808 2332 871 2354 zur

129 2365 392 2411 Bezeichnung
417 2368 480 2402 des
506 2367 673 2402 Grandes
700 2378 729 2401 c.
757 2370 811 2411 15,
837 2371 870 2402 4.

129 2423 158 2448 c.
186 2416 218 2456 ὅ,
246 2417 278 2449 4.

174 2472 332 2516 ancipiti
375 2472 522 2517 terrore]
568 2472 633 2506 das
672 2472 868 2507 zweifache

129 2518 435 2553 Vorhandensein
480 2519 580 2552 einer
624 2518 758 2562 Sache,
810 2518 869 2553 die

127 2565 291 2600 misslich
316 2566 391 2599 und
417 2564 625 2610 gefahrlich
649 2565 698 2599 ist
718 2566 807 2600 oder
833 2577 870 2600 es

128 2613 277 2647 werden
302 2612 412 2655 kann,
438 2612 530 2646 wird
556 2611 625 2645 mit
650 2622 780 2656 anceps
804 2613 868 2647 be-

129 2659 310 2703 zeichnet,
325 2660 394 2694 mit
407 2659 540 2703 dupleae
555 2658 613 2693 die
627 2657 745 2693 blosse
760 2659 870 2694 Zwei-

126 2707 230 2750 zah13
256 2707 330 2751 vgl.
356 2706 390 2748 3,
419 2710 472 2750 70,
499 2709 521 2739 4
547 2706 702 2749 ancipiti
727 2709 869 2740 terrore.

126 2753 164 2798 9,
185 2757 242 2798 21,
262 2757 283 2788 3
309 2754 443 2797 dupleoe
469 2753 553 2787 inde
578 2756 702 2787 terror.
735 2751 873 2796 Haufig

130 2800 345 2835 bezeichneb
375 2804 490 2834 terror
523 2800 594 2833 den
624 2798 869 2843 Gegenstand,

130 2858 204 2882 von
228 2847 313 2882 dem
337 2847 402 2881 der
423 2846 630 2881 Schrecken
649 2845 808 2890 ausgeht
827 2862 871 2874 =

131 2893 450 2939 gefahrdrohende
461 2893 782 2937 Unternehmung3
797 2892 871 2937 vgl.

945 1160 979 1202 3,
1005 1163 1056 1201 10,
1082 1163 1123 1193 14
1142 1160 1283 1194 nullum
1304 1162 1471 1193 terrorem
1492 1162 1689 1200 externum,

945 1207 1087 1241 nullum
1109 1207 1312 1250 periculum
1338 1217 1417 1240 esse.

995 1269 1048 1299 10.
1076 1275 1165 1299 suus
1190 1265 1352 1308 ipsorum
1377 1285 1419 1289 —
1449 1264 1576 1308 metus]
1606 1263 1688 1305 „die

943 1322 1008 1346 aus
1042 1312 1160 1346 ihrem
1194 1311 1348 1355 eigenen
1375 1310 1688 1346 Schuldbewusst-

945 1359 1023 1393 sein
1043 1358 1284 1393 entsbandene
1304 1358 1483 1398 Furcht“;
1507 1368 1594 1392 suus
1615 1358 1689 1401 ipse

943 1409 1055 1440 metus
1075 1405 1200 1439 wsirde
1220 1404 1418 1439 bedeuten:
1442 1404 1543 1447 „ihre
1560 1404 1688 1448 eigene

943 1452 1081 1487 Furchb
1120 1452 1315 1493 selbst“;
1366 1452 1439 1496 vgl.
1473 1450 1538 1495 41,
1572 1455 1633 1494 23,
1668 1454 1688 1485 8

942 1503 1104 1534 nostram
1132 1500 1293 1543 ipsorum
1325 1499 1522 1533 libertatem
1547 1499 1688 1532 subrui.

993 1561 1046 1593 11.
1080 1560 1225 1592 mortem
1257 1557 1453 1602 oppeteret]
1492 1556 1570 1590 Liv.
1606 1558 1690 1601 sagb

942 1608 1088 1639 mortem
1112 1607 1273 1648 oppetere
1299 1604 1359 1647 21,
1380 1608 1436 1645 44,
1457 1607 1488 1638 8.
1525 1604 1559 1646 9,
1587 1607 1619 1646 4,
1649 1608 1686 1647 6;

942 1655 1087 1686 mortem
1113 1652 1210 1686 obire
1237 1662 1264 1685 c.
1281 1655 1337 1695 22,
1354 1655 1385 1694 8,
1412 1651 1487 1685 und
1513 1661 1572 1684 am
1599 1652 1689 1684 h'au-

943 1698 1077 1743 figsten
1108 1702 1219 1732 morte
1250 1710 1283 1733 u.
1312 1701 1455 1732 mortem
1487 1698 1689 1732 occumbere

944 1745 977 1788 1,
1007 1749 1037 1788 7,
1066 1750 1097 1779 τ.
1124 1745 1158 1787 2,
1187 1749 1217 1779 7.
1245 1749 1276 1779 8.
1305 1745 1365 1788 29,
1395 1749 1448 1787 18,
1477 1749 1508 1779 6.

990 1805 1030 1839 id
1060 1804 1206 1849 referre]
1242 1803 1369 1846 „datin
1401 1802 1497 1837 finde
1524 1815 1592 1837 nur
1624 1803 1688 1837 der

943 1851 1188 1886 Untersehied
1220 1851 1348 1893 statffl,
1382 1849 1452 1883 mit
1483 1849 1688 1884 indirekter

943 1898 1205 1943 Doppelfrage,
1233 1897 1305 1941 vgl.
1327 1897 1386 1939 25,
1416 1901 1469 1938 16,
1500 1900 1540 1930 19
1567 1897 1607 1930 id
1634 1907 1688 1931 re-

941 1946 1046 1987 ferre,
1072 1949 1194 1978 utrum
1221 1964 1263 1968 -
1291 1943 1536 1986 trucidentur,
1566 1955 1616 1978 cm
1643 1963 1686 1967 —

943 1992 1088 2026 cadam.

993 2039 1103 2072 Mars
1142 2037 1353 2082 communis]

944 2096 1056 2128 same,
1072 2085 1204 2119 keinen
1219 2084 1463 2118 Unterschied
1482 2083 1685 2118 machende

943 2130 1231 2176 Kriegsgliick“;
1268 2130 1327 2165 die
1359 2130 1582 2174 Metonymie
1617 2129 1687 2164 mih

943 2178 1051 2213 Mars
1075 2179 1125 2212 ist
1143 2177 1342 2222 ungemein
1368 2177 1494 2221 h'aufig
1512 2176 1573 2211 bei
1592 2176 1685 2220 Liv.,

943 2225 1012 2260 mit
1034 2226 1143 2260 Blars
1163 2225 1370 2266 communis,
1397 2228 1514 2266 atrox,
1540 2234 1684 2267 anceps,

943 2283 1097 2317 aequus,
1129 2273 1288 2306 incertus
1319 2271 1537 2305 bezeichnet
1561 2281 1600 2305 er
1627 2270 1687 2305 die

943 2320 1231 2354 verschiedenen
1258 2318 1384 2353 Seiten
1417 2318 1481 2352 des
1507 2317 1684 2362 Kampfes

942 2367 1018 2400 und
1032 2366 1279 2410 Wendungen
1299 2365 1361 2399 des
1381 2364 1684 2409 Kriegsglsicke33

943 2413 1069 2458 haufig
1095 2413 1210 2447 findet
1234 2412 1313 2446 sich
1339 2412 1433 2446 auch
1457 2412 1565 2446 fllars
1589 2412 1681 2445 belli.

943 2471 972 2494 c.
1005 2465 1070 2503 41,
1100 2463 1143 2493 14
1188 2459 1297 2493 *Mars
1341 2460 1539 2493 eommwm's
1583 2459 1686 2498 belm·

942 2507 1016 2552 vgl.
1044 2507 1078 2541 d.
1106 2506 1198 2540 Anh.

990 2577 1040 2600 an
1053 2564 1255 2609 postmodo]
1277 2564 1355 2598 Liv.
1377 2565 1462 2608 sagt
1479 2563 1518 2597 in
1538 2563 1629 2597 Dek.
1655 2567 1684 2604 1,

943 2612 1045 2647 Buch
1067 2617 1084 2646 1
1106 2624 1141 2646 u.
1163 2616 1182 2645 2
1198 2612 1441 2655 postmodum,
1468 2610 1505 2644 in
1526 2610 1597 2644 den
1617 2608 1684 2643 fol-

943 2659 1088 2703 genden
1107 2670 1177 2692 nur
1190 2659 1391 2702 postmodo,
1412 2657 1486 2701 vgl.
1500 2656 1559 2699 26,
1575 2659 1630 2697 29,
1646 2659 1683 2698 2;

944 2704 1017 2740 Cic.
1038 2705 1113 2740 und
1133 2705 1234 2739 Caes
1256 2705 1377 2738 haben
1400 2703 1509 2738 beide
1528 2703 1686 2737 Formen

943 2752 1056 2786 nicht.

994 2802 1047 2832 13.
1059 2799 1231 2832 militm-Is
1242 2801 1341 2832 aetas
1349 2817 1392 2822 —
1400 2797 1484 2840 viri]
1498 2796 1612 2830 durch
1621 2799 1687 2830 aut

944 2844 1179 2890 geschieden,
1205 2844 1329 2879 indem
1348 2844 1421 2878 viri
1442 2855 1524 2877 zum
1544 2842 1685 2887 Gegen-

945 2893 1022 2927 satz
1054 2893 1209 2935 feminae
1239 2891 1315 2925 hai.
1367 2890 1433 2925 Die
1461 2894 1559 2926 aetas
1590 2890 1685 2925 mili-

1394 2037 1483 2080 „das
1520 2035 1686 2081 gemein-

1720 489 1761 518 10

1719 666 1755 695 11

1719 844 1759 873 12
