1953 3278
114 172 140 191 a.
160 164 212 191 Ch.
235 165 294 190 206.

609 151 753 186 LIBER
778 150 942 187 XXVIII.
988 149 1088 185 CAP.
1118 154 1171 184 14.
1615 148 1667 189 31

115 264 160 305 in
192 276 288 304 eum
319 261 443 313 diem,
475 273 558 314 quo
591 261 859 313 pugnaturus
891 261 993 312 erat,
1026 257 1222 299 mutavit.
1272 261 1479 298 tesseram
1504 256 1669 310 vesperi
1698 268 1715 298 7

114 335 191 376 per
222 322 362 362 castra
393 317 520 372 dedit,
551 321 598 359 ut
624 320 723 359 ante
755 317 893 358 lucem
919 317 1000 357 viri
1026 316 1207 371 equique
1233 316 1370 357 curati
1397 315 1496 368 (et)
1522 315 1672 368 pransi

117 382 277 433 essent,
327 379 515 419 armatus
566 390 693 430 eques
743 376 934 416 frenatos
979 375 1269 428 instratosque
1319 376 1484 415 teneret
1528 387 1670 428 equos

116 437 291 480 vixdum
324 436 428 477 satis
462 437 579 477 certa
612 436 703 476 luce
735 434 974 488 equitatum
1008 447 1177 474 omnem
1210 437 1305 473 cum
1338 433 1421 473 levi
1454 434 1672 473 armatura
1698 442 1718 473 8

116 497 161 538 in
199 495 406 537 stationes
438 493 620 535 Punicas
660 492 855 546 immisit,
893 491 991 532 inde
1024 491 1252 532 confestim
1292 491 1385 544 ipse
1418 505 1513 532 cum
1552 490 1673 545 gravi

118 554 289 611 agmine
320 553 538 608 legionum
570 551 776 606 procedit,
807 552 976 604 praeter
1009 549 1255 603 opinionem
1288 549 1546 590 destinatam
1581 563 1674 590 suo·
1700 558 1720 589 9

117 628 212 655 rum
249 612 522 666 hostiumque
560 610 756 652 Romano
795 608 932 650 milite
972 608 1169 650 cornibus
1214 608 1416 660 firmatis,
1462 608 1587 648 sociis
1629 607 1674 648 in

118 671 303 714 mediam
335 671 470 712 aciem
503 669 700 723 acceptiS.

233 728 481 771 Hasdrubal
519 728 703 769 clamore
742 725 933 781 equitum
972 725 1180 766 excitatus
1220 726 1269 765 ut
1306 738 1357 765 ex
1394 723 1673 765 tabernaculo
1703 734 1745 766 10

118 788 319 844 prosiluit
355 787 672 840 tumultumque
710 788 808 826 ante
847 784 1008 826 vallum
1048 787 1090 824 et
1130 783 1460 837 trepidationem
1501 796 1674 823 suorum

119 850 161 888 et
192 845 339 901 procul
373 846 496 899 signa
527 844 747 899 legionum
777 842 988 897 fulgentia
1019 843 1254 896 plenosque
1285 841 1475 883 hostium
1501 854 1675 894 campos

117 905 236 958 vidit,
268 905 504 959 equitatum
532 917 702 945 omnem
729 901 940 956 extemplo
973 901 1018 942 in
1051 901 1215 955 equites
1249 901 1426 955 emittit,
1460 900 1553 953 ipse
1580 913 1675 940 cum
1704 910 1745 940 11

114 963 308 1018 peditum
346 962 517 1017 agmine
556 961 709 1003 castris
749 959 964 1015 egreditur
1000 974 1078 1001 nec
1117 974 1168 1000 ex
1207 959 1354 1000 ordine
1394 958 1522 1000 solito
1561 958 1675 1012 quic-

119 1036 246 1076 quam
279 1021 368 1063 acie
399 1020 650 1062 instruenda
681 1021 829 1061 mutat.

893 1018 1083 1073 equitum
1115 1018 1202 1059 iam
1235 1017 1306 1058 diu
1339 1031 1494 1071 anceps
1527 1030 1674 1071 pugna
1702 1026 1743 1057 12

118 1083 211 1122 erat
242 1094 319 1121 nec
352 1080 447 1133 ipsa
478 1094 553 1134 per
585 1093 629 1120 se
661 1078 829 1120 decerni
861 1079 1052 1132 poterat,
1085 1077 1184 1131 quia
1215 1077 1363 1130 pulsis,
1396 1075 1508 1130 quod
1540 1089 1673 1130 prope

118 1140 163 1181 in
189 1139 326 1181 vicem
357 1138 505 1192 fiebat,
536 1138 581 1179 in
610 1137 744 1179 aciem
775 1135 968 1190 peditum
994 1138 1112 1177 tutus
1138 1137 1335 1189 receptus
1361 1136 1470 1189 erat,
1504 1134 1577 1175 sed
1603 1133 1677 1175 ubi
1705 1143 1747 1174 13

117 1301 309 1345 schieden,
347 1299 553 1344 unbedingt
590 1309 860 1344 angenommen

117 1348 284 1390 wiirde“;
310 1347 385 1392 vgl.
407 1350 425 1389 ἓ
447 1351 467 1381 9
488 1349 636 1390 praeter
655 1346 860 1391 opinionem

115 1396 343 1430 destinatam.
402 1394 477 1428 Das
509 1392 656 1428 Adverb
690 1392 765 1438 vgl.
799 1391 860 1435 37,

116 1446 180 1484 32,
214 1446 235 1476 4
269 1442 445 1477 obstinate
479 1441 637 1475 restitere
671 1439 859 1484 oppidani.

117 1489 177 1531 30,
198 1491 230 1532 8,
251 1492 272 1523 9
293 1488 470 1523 obstinate
494 1487 751 1522 moriebantur.
784 1486 858 1531 vgl.

117 1536 190 1571 den
215 1534 310 1569 Anh.

164 1594 204 1628 in
226 1604 305 1629 eum
330 1592 439 1638 diem]
460 1592 542 1636 „ffir
562 1590 633 1626 den
647 1592 770 1638 Tag“;
791 1592 860 1627 wie

117 1641 212 1675 auch
243 1639 306 1675 bei
337 1640 470 1675 edicere
500 1638 576 1673 und
608 1640 766 1674 indicere
801 1639 861 1674 die

116 1687 378 1731 Bezeichnung
413 1687 476 1721 des
508 1685 748 1720 bestimmten
773 1686 861 1721 Ter-

117 1734 235 1769 mines
265 1734 335 1769 mit
359 1735 400 1769 in
426 1744 455 1768 c.
483 1743 600 1768 accus.
628 1733 746 1776 steht;
784 1733 858 1778 vgi.

115 1781 152 1825 1,
173 1784 230 1826 50,
252 1785 270 1816 1
297 1782 339 1816 in
371 1781 464 1816 diem
489 1783 621 1815 certam
647 1801 691 1805 —
717 1781 858 1815 indicit.

170 1844 201 1874 7.
236 1843 402 1875 tesseram
436 1860 482 1864 —
519 1839 633 1885 dedit]
671 1838 762 1874 fiber
799 1838 859 1873 die

119 1886 232 1929 Sitte,
252 1885 313 1921 bei
332 1886 397 1920 der
415 1886 554 1921 abends
575 1885 862 1930 ausgegebenen

118 1933 251 1968 Parole
299 1932 453 1967 Befehle
507 1932 737 1967 mitzuteilen
785 1931 859 1976 vgl.

119 1980 180 2025 27,
198 1984 254 2023 46,
278 1985 295 2014 1
322 1984 452 2015 tessera
474 1990 540 2024 per
565 1982 685 2014 castra
706 2000 749 2004 —
773 1979 861 2014 data

119 2031 180 2062 est.

167 2086 288 2121 curati
325 2106 368 2110 ——
403 2084 552 2130 pransi]
599 2086 755 2119 ersteres
793 2083 862 2119 mit

118 2132 244 2177 Bezug
264 2132 331 2167 auf
352 2132 412 2167 die
431 2132 576 2175 Pferde,
595 2132 669 2177 vgl.
690 2130 750 2174 44,
764 2135 821 2176 40,
840 2135 859 2166 7

118 2181 318 2215 iumentum
367 2190 384 2213 e
432 2180 601 2214 manibus
651 2179 860 2214 curantium

120 2227 298 2271 elapsum,
339 2226 510 2271 dagegen
548 2236 701 2270 corpora
733 2236 861 2261 curare

121 2274 211 2309 stets
237 2284 310 2308 von
333 2273 544 2308 Mensehen.

166 2332 329 2375 frenatos
370 2332 625 2377 instratosque]
670 2332 863 2377 „gez'aumt

120 2378 195 2413 und
234 2378 449 2423 gesattelt“;
492 2379 589 2413 nach
625 2378 691 2421 37,
722 2382 782 2421 20,
818 2382 860 2412 12

121 2436 227 2470 equos
250 2435 325 2459 non
348 2428 503 2460 sternere
521 2446 565 2450 —
583 2429 755 2470 poterant
780 2427 865 2470 sagt

121 2483 208 2507 man
239 2481 334 2506 zwar
370 2475 523 2507 sternere
553 2483 674 2517 equos,
707 2483 747 2507 so
783 2471 863 2507 dass

122 2520 171 2554 in
197 2517 399 2563 eigentlich
426 2518 643 2563 fiberfli'issig
662 2519 862 2562 erscheint;

122 2566 219 2601 doch
245 2566 361 2600 findet
385 2576 423 2600 es
451 2565 528 2599 sich
553 2565 627 2599 fast
651 2567 760 2608 stets,
787 2566 863 2610 vgl.

121 2612 182 2657 21,
203 2617 260 2656 54,
281 2617 301 2647 5
327 2613 494 2647 instratis
519 2613 627 2656 equis
661 2612 720 2655 21,
747 2616 803 2655 27,
830 2616 862 2647 9.

122 2659 182 2703 34,
205 2663 236 2702 ¹7,
257 2663 277 2694 3
303 2671 336 2693 u.
359 2663 390 2694 ὃ.
430 2659 536 2694 Auch
561 2659 680 2693 neben
704 2659 865 2701 frenatos

122 2706 239 2742 findet
258 2706 336 2742 sich
354 2706 575 2750 infrenatos,
601 2705 676 2750 vgl.
697 2705 757 2749 37,
772 2709 828 2748 20,
843 2709 865 2739 4

122 2765 158 2790 u.
186 2757 240 2789 12.

172 2816 205 2847 9.
226 2815 375 2857 praeter
400 2812 604 2857 opinionem
630 2811 863 2856 destinatam]

125 2869 268 2904 „gegen
292 2859 352 2894 die
374 2859 626 2894 feststehende
646 2859 864 2903 Meinung“;

124 2906 163 2941 in
189 2906 329 2942 diesem
356 2906 467 2941 Sinne
493 2908 578 2951 sagi
595 2906 675 2941 Liv.
696 2918 764 2940 nur
790 2905 865 2940 ein-

932 1298 1008 1332 mal
1046 1297 1089 1341 2,
1128 1302 1189 1341 56,
1228 1301 1248 1332 2
1288 1301 1415 1332 contra
1453 1316 1496 1321 —
1537 1296 1678 1340 opinio-

932 1356 1022 1380 nem.

982 1407 1035 1438 10.
1063 1403 1325 1447 tumultumque
1361 1423 1407 1427 —
1446 1405 1476 1436 et
1516 1401 1677 1445 trepida-

932 1450 1078 1496 tionem]
1099 1449 1262 1485 dieselbe
1284 1449 1575 1484 allitterierende
1587 1449 1677 1483 Ver-

931 1497 1099 1542 bindung
1124 1497 1197 1541 vgl.
1214 1507 1243 1531 c.
1261 1500 1315 1539 17,
1339 1500 1383 1530 14
1409 1496 1603 1530 tumultum
1630 1506 1680 1530 ac

932 1545 1209 1589 trepidationem
1228 1544 1305 1578 und
1323 1543 1420 1578 noch
1440 1542 1560 1587 einige
1581 1541 1679 1577 Male

931 1592 970 1626 in
985 1592 1049 1626 der
1060 1591 1200 1626 dritten
1211 1591 1380 1633 Dekade;
1396 1590 1549 1625 variiert
1560 1588 1677 1624 durch

933 1639 1109 1673 tumultus
1135 1649 1178 1673 ae
1202 1641 1319 1672 terror
1345 1637 1404 1681 27,
1432 1640 1488 1679 42,
1516 1641 1548 1671 3.

981 1687 1088 1731 siqua
1114 1706 1157 1710 —
1184 1684 1380 1730 fulyentia]
1407 1683 1533 1718 Livius
1565 1683 1680 1717 denkt

935 1732 1100 1768 offenbar
1119 1743 1166 1767 an
1186 1731 1245 1766 die
1267 1732 1380 1766 Adler
1401 1731 1465 1766 der
1484 1730 1563 1765 Zeit
1583 1730 1679 1764 nach

934 1779 1089 1822 Marius;
1115 1779 1190 1824 vgl.
1212 1778 1274 1823 26,
1301 1782 1357 1823 48,
1386 1781 1427 1812 12
1453 1779 1560 1822 siyna
1585 1777 1681 1812 mili-

933 1827 1033 1861 taria
1059 1830 1090 1862 et
1116 1827 1268 1871 aqudas.

983 1889 1038 1920 11.
1065 1896 1108 1920 ex
1139 1885 1266 1920 ordine
1298 1904 1342 1909 —-
1374 1883 1506 1929 mutat]
1540 1887 1681 1918 mutare

933 1932 1001 1967 hat
1035 1932 1094 1967 die
1127 1931 1262 1973 Sache,
1295 1929 1534 1965 hinsichtlich
1568 1930 1681 1964 deren

935 1979 1017 2014 eine
1066 1978 1336 2023 Ver'anderung
1391 1988 1681 2021 vorgenommen

933 2026 1043 2068 wird,
1075 2026 1177 2060 sonst
1207 2025 1277 2059 mit
1307 2026 1350 2059 de
1380 2025 1441 2059 bei
1476 2023 1573 2067 sich3
1610 2022 1680 2058 wie

934 2073 1016 2107 hier
1052 2073 1127 2117 vgl.
1161 2071 1229 2117 38,
1264 2076 1327 2114 11,
1361 2074 1382 2106 8
1419 2071 1514 2106 nihil
1551 2081 1601 2106 ex
1639 2080 1682 2105 eo

935 2123 1122 2155 mutatum.

981 2179 1058 2213 acie
1080 2177 1314 2222 instruenda]
1342 2177 1407 2212 das
1428 2175 1681 2211 Gerundivum

933 2225 985 2260 im
1015 2224 1170 2259 Ablativ
1206 2223 1340 2259 nahert
1376 2223 1454 2258 sich
1487 2222 1680 2257 mehrfach

935 2272 999 2307 der
1042 2271 1223 2306 kausalen
1260 2270 1480 2315 Bedeutung
1519 2287 1563 2299 =
1601 2281 1681 2304 eum

935 2339 979 2344 —
1010 2320 1270 2361 instrueretur‚·
1300 2318 1375 2363 vgl.
1409 2318 1448 2359 4,
1482 2321 1544 2360 29,
1571 2320 1591 2351 3
1627 2327 1680 2352 re-

929 2367 1084 2411 petendo
1102 2366 1207 2411 siyno
1226 2366 1387 2410 primam
1412 2365 1681 2408 impressionem

936 2413 1070 2456 factam
1098 2430 1143 2441 =
1168 2424 1247 2447 eum
1272 2415 1500 2456 repeteretur.

986 2475 1040 2506 12.
1073 2472 1155 2516 ipsa
1180 2482 1250 2515 per
1280 2481 1315 2505 se
1346 2471 1489 2505 decerni
1517 2469 1680 2515 poterat]

940 2518 1102 2562 „konnte
1115 2518 1220 2553 nicht
1231 2518 1290 2552 fiir
1300 2517 1378 2552 sich
1393 2517 1505 2552 allein
1517 2529 1580 2551 zur
1591 2516 1681 2550 Ent-

936 2565 1139 2610 scheidung
1171 2565 1351 2610 gebracht
1383 2564 1569 2606 werden“;
1605 2563 1679 2607 vgl.

937 2624 966 2647 c.
983 2617 1039 2656 33,
1055 2616 1075 2647 5
1097 2613 1281 2647 decernere
1299 2622 1482 2656 puynam3
1510 2610 1570 2654 25,
1585 2614 1641 2652 41,
1660 2614 1680 2644 6

939 2670 1011 2694 rem
1031 2660 1203 2702 decret-it3
1229 2659 1403 2693 meistens
1422 2657 1474 2692 ist
1498 2658 1682 2692 decernere

937 2706 1151 2741 intransitiv
1183 2722 1227 2734 =
1259 2705 1331 2740 den
1362 2703 1680 2748 Entscheidungs-

935 2752 1070 2796 kampf
1090 2752 1232 2787 liefern.

987 2814 1042 2845 13.
1070 2811 1134 2845 ubi
1164 2831 1209 2835 —
1242 2809 1409 2855 aberant]
1447 2809 1512 2843 das
1542 2808 1682 2853 Imper-

937 2857 1034 2901 fekt,
1065 2857 1150 2892 weil
1183 2857 1243 2892 die
1268 2856 1469 2901 Handlung
1493 2856 1590 2891 noch
1621 2854 1683 2890 bei

939 2905 1096 2939 Eintritt
1134 2904 1200 2938 der
1236 2903 1557 2949 Haupthandlung
1593 2903 1681 2938 fort-
