1953 3278
149 163 173 181 a.
195 156 324 181 011206.
622 143 760 178 LIBER
790 144 955 180 XXVIII.
1007 144 1107 178 CAP.
1138 148 1189 178 16.
1220 149 1272 178 17.
1654 143 1707 185 37

154 252 335 295 consilia
360 254 532 306 gentem
560 266 727 305 quoque
754 266 873 292 suam
901 251 1196 293 oboedientem
1223 251 1412 304 haberet,
1442 265 1536 292 cum
1563 252 1708 304 paucis

154 310 433 366 popularibus
466 310 509 350 in
541 309 733 351 Africam
766 310 946 364 traiecit,
978 324 1065 352 non
1097 313 1185 350 tam
1218 309 1403 350 evidenti
1436 323 1484 351 eo
1516 312 1711 364 tempore

153 369 320 411 subitae
359 369 611 410 mutationis
652 383 800 422 causa,
840 382 968 422 quam
1014 368 1266 409 documento
1312 371 1410 422 post
1454 368 1497 409 id
1541 371 1710 422 tempus

151 427 528 470 constantissimae
573 428 625 468 ad
664 428 861 468 ultimam
900 428 1115 468 senectam
1155 426 1270 480 fidei,
1314 441 1366 467 ne
1404 429 1496 468 tum
1541 426 1710 482 quidem

152 500 248 527 eum
293 486 384 527 sine
430 486 645 540 probabili
689 499 818 527 causa
862 484 1026 526 fecisse.
1100 484 1229 538 Mago
1274 485 1372 525 inde
1416 486 1605 527 remissis
1655 486 1709 528 ab

151 544 420 586 Hasdrubale
448 545 627 586 navibus
655 543 787 585 Gadis
813 543 937 596 petit3
970 542 1098 583 ceteri
1125 543 1281 584 deserti
1309 544 1362 584 ab
1390 543 1579 598 ducibus,
1610 559 1711 599 pars

148 603 423 657 transitione,
467 618 565 657 pars
604 602 708 656 fuga
747 601 959 655 dissupati
996 615 1071 655 per
1110 601 1326 655 proximas
1365 602 1558 643 civitates
1602 606 1711 657 sunt,

148 662 266 703 nulla
297 677 476 704 numero
510 663 584 702 aut
615 661 779 701 viribus
811 674 964 701 manus
996 660 1192 715 insignis,
1255 661 1335 701 hoc
1368 662 1551 702 maxime
1584 662 1709 703 modo

148 721 277 762 ductu
324 724 450 774 atque
493 719 681 772 auspicio
725 718 768 760 P.
809 717 1021 772 Scipionis
1072 719 1185 772 pulsi
1228 718 1442 773 Hispania
1485 718 1711 775 Carthagi-

150 779 320 820 nienses
355 780 467 830 sunt,
499 780 650 832 quarto
683 777 845 818 decimo
879 791 990 818 anno
1023 779 1123 832 post
1154 777 1313 818 bellum
1347 778 1520 832 initum,
1559 779 1711 832 quinto

150 852 276 892 quam
309 837 353 878 Ρ.
381 836 521 890 Scipio
553 836 819 890 provinciam
851 838 894 877 et
926 837 1158 877 exercitum
1191 837 1366 891 accepit.
1429 837 1542 878 haud
1574 838 1711 879 multo

147 894 460 995 pogttSilanus
506 895 769 936 debellatum
812 894 1000 936 referens
1045 895 1331 937 Tarraconem
1377 896 1429 937 ad
1469 895 1712 950 Scipionem

153 969 198 995 re
229 969 259 994 11
283 986 292 995 .

1738 266 1779 295 12

1739 500 1779 529 13

1739 677 1781 706 14

1741 854 1781 883 15

274 1012 320 1053 L.
353 1011 494 1066 Scipio
527 1026 622 1053 cum
655 1013 802 1054 multis
841 1012 1060 1054 nobilibus
1098 1013 1277 1067 captivis
1310 1013 1485 1054 nuntius
1517 1016 1711 1068 receptae
1736 1023 1779 1058 17

148 1070 387 1125 Hispaniae
412 1070 595 1112 Romam
624 1073 692 1112 est
716 1072 892 1125 missus3
919 1072 992 1113 sed
1019 1085 1114 1113 cum
1141 1072 1271 1113 ceteri
1296 1072 1463 1113 laetitia
1490 1072 1711 1127 gloriaque

148 1130 317 1184 ingenti
350 1144 444 1171 eam
471 1144 560 1170 rem
587 1130 716 1184 vulgo
743 1130 917 1184 ferrent,
949 1145 1071 1185 unus,
1104 1131 1176 1185 qui
1203 1133 1409 1185 gesserat,
1440 1130 1711 1185 inexplebilis

148 1189 321 1230 virtutis
360 1202 566 1242 veraeque
606 1188 762 1242 laudis,
802 1203 981 1243 parvum
1020 1190 1157 1230 instar
1195 1203 1358 1243 eorum,
1399 1204 1505 1243 quae
1545 1204 1618 1243 spe
1664 1203 1712 1231 ac

149 1247 446 1302 magnitudine
491 1247 622 1288 animi
667 1248 956 1302 concepisset,
1000 1251 1191 1302 receptas
1238 1247 1470 1302 Hispanias
1516 1248 1713 1289 ducebat:

199 1401 253 1432 12.
288 1407 361 1432 non
398 1401 471 1432 tam
503 1398 659 1432 evidenti
690 1418 734 1423 —
766 1398 895 1444 eausa]

150 1444 298 1486 „indem
323 1444 429 1479 nicht
455 1455 492 1479 so
520 1445 605 1479 sehr
625 1445 690 1479 der
709 1445 896 1490 damalige

151 1490 277 1525 Grund
304 1511 347 1516 -
374 1502 433 1525 am
460 1491 561 1536 Tage
587 1491 668 1536 lag,
701 1492 756 1526 als
783 1492 897 1527 durch

150 1537 252 1572 seine
273 1539 397 1583 spater
417 1537 524 1572 bisin
540 1538 605 1572 das
625 1538 779 1574 hochste
793 1538 899 1574 Alter

149 1583 359 1620 bewiesene
398 1585 517 1619 Treue
556 1585 620 1620 der
656 1585 798 1621 Beweis
837 1597 898 1631 ge-

148 1631 268 1676 geben
288 1631 425 1674 wurde,
452 1631 532 1666 dass
553 1635 617 1666 er“
637 1644 672 1667 u.
694 1643 720 1667 S.
738 1644 801 1675 W.;
822 1633 896 1678 vgl.

149 1677 209 1721 44,
224 1682 280 1721 41,
296 1683 316 1713 6
339 1689 450 1723 neque
468 1679 546 1713 ulla
566 1680 765 1714 evidentior
784 1691 896 1714 causa

147 1726 320 1761 victoriae
343 1727 434 1768 fuit,
462 1726 497 1768 5,
525 1730 581 1768 51,
607 1730 629 1760 4
654 1729 730 1761 tam
754 1728 897 1762 evidens

148 1783 298 1815 numen,
329 1773 457 1816 haufig
490 1774 794 1808 evidentissimum
820 1775 894 1808 und

148 1820 336 1854 evidenter.

202 1893 254 1924 14.
289 1889 353 1924 hoc
389 1891 546 1925 maxime
583 1890 701 1935 modo]
740 1892 896 1926 maxime

153 1936 223 1971 soll
257 1936 328 1971 den
353 1936 549 1972 Ausdruck
578 1936 682 1972 nicht
707 1937 761 1972 als
788 1938 895 1973 einen

150 1983 417 2018 annahernd
450 1983 635 2028 richtigen
663 1984 898 2030 bezeichnen,

149 2030 309 2065 sondern
359 2030 424 2064 ihn
474 2031 760 2076 bestatigem
824 2032 898 2077 vgl.

151 2087 181 2111 c.
210 2080 271 2120 17,
299 2080 319 2111 5
362 2078 519 2112 maxime
563 2089 635 2122 qua
677 2079 749 2113 sita
791 2079 899 2114 Nova

155 2123 336 2169 Carthayo
362 2127 421 2159 est.
450 2124 510 2167 21,
533 2128 588 2168 38,
611 2129 627 2158 1
656 2125 720 2160 hoc
744 2126 899 2160 maxime

150 2171 263 2206 modo.
310 2170 378 2215 38,
404 2174 467 2214 47,
497 2176 513 2205 1
546 2172 588 2206 in
618 2172 714 2207 hunc
744 2174 899 2207 maxi-me

151 2218 312 2260 modum,
340 2229 374 2252 u.
402 2217 437 2252 d..
464 2216 558 2252 Anh.

199 2276 313 2310 ductu
332 2279 437 2320 atque
453 2276 632 2322 auspicio]
650 2278 763 2322 vgl.c.
776 2282 829 2321 12,
842 2282 895 2313 12.

152 2322 219 2356 Als
250 2322 458 2358 Prokonsul
490 2323 557 2358 hat
583 2323 706 2368 Scipio
738 2337 807 2359 nur
838 2326 898 2360 ein

152 2370 356 2449 imperium.i
395 2369 617 2450 innerhalbd.
641 2371 760 2453 seinel}⁸
789 2372 896 2453 ‘Piro-

153 2427 236 2449 vmz
281 2427 329 2449 un
393 2427 461 2450 nur
498 2428 545 2451 an
607 2428 700 2452 ieses
759 2423 805 2453 nu'
852 2430 895 2453 en

155 2462 233 2497 sich
254 2462 355 2497 seine
374 2474 443 2496 nur
461 2463 520 2497 fiir
541 2463 633 2498 eben
647 2464 770 2500 diesen
784 2431 896 2500 Klom-

153 2509 417 2544 mandobezirk
467 2509 638 2554 gtiltigen
680 2513 895 2557 Auspicien;

150 2556 226 2600 vgl.
254 2567 283 2590 c.
311 2559 374 2599 27,
400 2559 422 2589 4
454 2556 644 2600 imperium
675 2560 896 2603 auspicium-

150 2614 225 2647 que.
247 2614 276 2637 c.
289 2606 344 2645 38,
361 2606 378 2636 1
395 2602 578 2647 Scipionis
592 2604 705 2639 ductu
718 2607 895 2650 auspicio-

149 2661 225 2694 que.

197 2712 329 2753 quarto
378 2709 512 2743 decimo
560 2709 676 2754 anno]
726 2709 895 2755 dagegen

153 2766 182 2789 c.
206 2758 266 2799 10,
294 2759 314 2791 8
341 2756 446 2790 tertio
471 2755 606 2790 decimo
632 2766 729 2790 anno
757 2757 896 2792 Punici

150 2802 251 2843 belli3
278 2802 343 2837 der
367 2802 633 2847 Widerspruch
660 2803 754 2837 muss
780 2803 895 2838 durch

155 2848 216 2883 ein
258 2848 448 2884 Versehen
498 2850 587 2884 oder
634 2850 894 2886 verschiedene

152 2894 308 2937 Quellen
334 2896 473 2931 erklart
497 2896 655 2932 werden.

1018 1407 1052 1434 e.
1081 1398 1241 1434 17—18.
1289 1398 1468 1444 Scipios
1494 1398 1632 1433 Fahrt
1663 1410 1713 1433 zu

971 1444 1164 1489 Syphax

1019 1513 1054 1539 e.
1082 1503 1140 1546 17,
1171 1508 1200 1538 1.
1227 1504 1270 1538 L.
1298 1504 1440 1549 Scipio]
1467 1504 1562 1539 nach
1589 1516 1617 1539 c.
1639 1508 1671 1547 4,
1692 1508 1714 1539 4

971 1550 1016 1586 L.
1051 1550 1222 1594 Scipione
1264 1552 1379 1594 fratre
1417 1551 1571 1586 Romam
1608 1553 1714 1586 misso

970 1597 1021 1632 ist
1046 1597 1213 1632 derselbe
1240 1598 1354 1633 schon
1378 1597 1429 1632 im
1455 1609 1714 1642 vergangenen

971 1644 1082 1679 Jahre
1103 1645 1304 1690 abgereist3
1326 1645 1427 1680 seine
1447 1645 1646 1680 Riickkehr
1666 1645 1716 1680 ist

970 1691 1073 1726 nicht
1099 1693 1277 1727 erwithnt.

1016 1754 1048 1784 2.
1083 1751 1224 1785 laetitia
1260 1752 1446 1796 yloriaque
1483 1772 1525 1776 »-
1561 1751 1712 1797 ferrent]

969 1798 1070 1841 „voll
1108 1797 1249 1832 Frende
1287 1798 1469 1832 ri'ihmend
1508 1798 1712 1840 erhoben“;

968 1845 1042 1889 vgl.
1069 1845 1171 1886 fama
1195 1845 1359 1887 ferebant
1384 1844 1444 1888 23,
1465 1849 1523 1887 31,
1547 1849 1599 1880 13.
1626 1845 1714 1887 ferte

968 1892 1192 1926 sermonibus
1218 1891 1252 1935 4,
1280 1896 1310 1935 5,
1337 1896 1368 1927 6.

1019 1950 1248 1993 inexplebilis
1261 1950 1422 1995 virtutis]
1438 1950 1497 1985 die
1518 1950 1715 1995 Adjectiva

973 1997 1036 2030 des
1050 1995 1218 2041 Mangels
1233 1997 1307 2031 und
1322 1997 1385 2031 der
1401 1997 1504 2032 Ffflle
1519 1997 1714 2032 verbindet

972 2042 1049 2077 Liv.
1068 2043 1150 2084 (wie
1164 2044 1310 2087 plenus)
1330 2044 1522 2078 mehrfach
1541 2044 1610 2078 mit
1630 2044 1714 2078 dem

972 2089 1138 2132 Genitiv;
1159 2090 1234 2134 vgl.
1250 2090 1284 2133 5,
1300 2094 1356 2129 34,
1378 2095 1398 2124 2
1420 2090 1546 2126 Gallia
1565 2091 1715 2134 fruyum

971 2137 1222 2181 hominumque
1263 2138 1396 2180 fertilis
1442 2139 1525 2181 fuit.
1570 2159 1616 2163 —
1659 2139 1715 2172 in-

971 2184 1158 2228 explebilis
1184 2195 1212 2218 c.
1239 2196 1321 2228 gen.
1349 2197 1416 2219 nur
1441 2185 1537 2228 hier3
1570 2186 1715 2228 implere

971 2230 1037 2266 hat
1063 2231 1133 2265 den
1155 2231 1303 2266 Genitiv
1324 2231 1535 2266 abstrakter
1555 2231 1713 2275 Begriffe

970 2278 1097 2322 haufig
1121 2278 1182 2312 bei
1209 2278 1308 2320 sich3
1341 2279 1416 2322 vgl.
1438 2278 1497 2322 26,
1521 2283 1575 2321 19,
1596 2283 1615 2312 2
1642 2289 1713 2313 eer-

969 2325 1074 2360 tioris
1098 2326 1175 2369 spei
1200 2337 1234 2360 u.
1262 2337 1293 2360 a.

1012 2394 1172 2427 parvum
1206 2385 1342 2430 instar]
1382 2384 1463 2427 „ein
1498 2384 1713 2419 schwaches

970 2430 1101 2473 Bild“;
1135 2431 1193 2464 die
1225 2431 1424 2476 Adjectiva
1454 2442 1608 2476 ‘magnus
1638 2431 1713 2465 und

965 2488 1106 2521 parvus
1148 2480 1271 2513 treten
1315 2478 1370 2513 oft
1413 2489 1460 2513 an
1498 2477 1558 2513 die
1598 2478 1712 2514 Stelle

970 2523 1243 2568 signifikanter,
1294 2536 1402 2569 sogar
1450 2525 1607 2559 bildlich
1651 2535 1713 2569 ge-

971 2570 1170 2605 brauchter
1190 2572 1386 2616 Adjectiva
1411 2572 1462 2606 im
1484 2572 1711 2613 Deutschem

969 2618 1043 2661 vgl.
1059 2617 1118 2660 26,
1133 2622 1188 2661 41,
1206 2622 1248 2652 19
1268 2620 1450 2653 maximus
1468 2623 1581 2653 vates:
1603 2618 1710 2652 wich-

967 2664 1092 2708 tigste,
1113 2665 1368 2699 unfehlbarste
1389 2665 1511 2700 Seher.
1540 2665 1599 2707 26,
1620 2669 1675 2705 31,
1692 2669 1711 2699 6

967 2712 1166 2745 maximum
1216 2716 1482 2756 aryumentum:
1540 2712 1712 2755 starkste,

968 2756 1228 2801 schlagendste
1247 2758 1399 2792 Beweis.
1432 2758 1490 2800 23,
1506 2762 1538 2801 4,
1554 2762 1575 2792 8
1595 2760 1712 2793 mami-

967 2814 1064 2837 mum
1084 2805 1268 2839 vinculum
1283 2821 1326 2833 =
1342 2805 1492 2839 festeste
1506 2804 1622 2841 Band.
1650 2805 1709 2849 29,

967 2854 1023 2930 ξ),
1049 2854 1072 2931 3
1091 2862 1248 2894 parvum
1272 2853 1473 2887 vinculum:
1501 2853 1712 2887 schwaches

999 2907 1047 2930 an
1097 2909 1131 2933 u.
1159 2908 1191 2932 a·

1739 1091 1757 1120 2
