1953 3278
119 184 143 202 a.
165 177 216 203 Ch.
238 178 296 202 206.

614 162 755 198 LIBER
780 163 943 198 XXVIII.
989 162 1087 197 CAP.
1116 166 1170 197 28.
1607 160 1661 202 63

120 278 232 327 sunt,
263 286 340 325 nec
372 286 467 313 cum
493 271 660 326 Pyrrho
687 285 763 312 uec
796 286 889 312 cum
917 270 1179 312 Samnitibus
1209 273 1282 311 aut
1306 269 1500 321 Lucanis,
1533 269 1662 310 hosti—

118 334 195 374 bus
234 331 380 385 populi
422 331 623 384 Romani,
662 346 705 372 se
743 330 1070 382 coniunxerunt3
1112 343 1185 370 vos
1224 343 1315 370 cun]
1350 327 1582 369 Mandonio
1621 330 1663 368 et
1689 338 1708 365 23

116 390 287 432 Indibili
307 390 484 431 consilia
511 389 852 431 communicastis
873 391 915 429 et
941 402 1059 428 arma
1085 387 1369 428 consociaturi
1391 386 1544 428 fuistis.
1584 385 1662 439 illi,
1689 396 1708 425 6

119 450 228 490 sicut
253 448 458 503 Campani
492 447 682 502 Capuam
716 447 864 488 Tuscis
897 446 1108 487 veteribus
1141 445 1376 486 cultoribus
1410 445 1663 498 ademptam,

116 507 361 549 Mamertini
387 507 430 547 in
459 506 604 548 Sicilia
630 506 883 557 Messanam,
909 505 970 545 sic
994 504 1174 558 Regium
1200 504 1389 544 habituri
1416 506 1663 557 perpetuam

117 565 257 608 sedem
296 569 434 618 erant,
472 580 548 607 nec
585 564 789 619 populum
827 563 1068 604 Romanum
1106 576 1182 602 nec
1221 562 1358 602 socios
1397 562 1543 615 populi
1582 561 1663 603 Ro-

115 625 232 666 mani
270 625 382 665 ultro
422 623 661 665 lacessituri
700 621 828 662 bello:
874 645 923 649 —
966 619 1251 662 Sucronemne
1290 634 1364 660 vos
1402 620 1663 661 domicilium
1691 631 1708 660 7

116 683 306 725 habituri
338 683 496 724 eratis?
536 682 608 723 ubi
641 681 676 721 si
707 694 783 721 vos
823 678 1028 720 decedens
1062 679 1254 720 confecta
1284 679 1502 732 provincia
1532 679 1663 732 impe-

116 745 233 783 rator
270 743 571 795 relinquerem,
609 739 732 780 deum
771 738 1076 804 hominumque
1115 737 1238 778 fidem
1278 737 1507 790 implorare
1540 737 1661 778 debe—

116 801 244 855 batis,
276 799 386 855 quod
417 813 504 840 non
535 797 729 839 rediretis
763 797 814 838 ad
846 797 1049 851 coniuges
1082 796 1325 850 liberosque
1357 799 1534 837 vestros.

1591 796 1662 837 sed
1689 808 1709 836 8

117 859 268 900 horum
307 871 471 913 quoque
503 857 770 922 memoriam,
808 856 916 897 sicut
953 855 1117 909 patriae
1149 856 1331 909 meique,
1373 854 1582 895 eieceritis
1615 869 1664 895 ex

117 918 271 958 animis
307 916 480 957 vestris:
522 916 635 956 viam
674 914 842 957 consilii
881 914 1094 967 scelerati,
1135 914 1206 955 sed
1244 928 1331 955 non
1371 913 1423 954 ad
1466 913 1665 954 ultimum

117 975 323 1017 dementis
356 975 505 1029 exequi
536 974 644 1015 volo.

706 988 826 1015 mene
859 974 954 1014 vivo
988 976 1030 1014 et
1062 976 1202 1014 cetero
1235 973 1437 1014 incolumi
1470 972 1666 1024 exercitu,
1691 984 1710 1013 9

117 1048 211 1075 cum
249 1048 332 1088 quo
371 1047 450 1088 ego
490 1033 555 1074 die
591 1047 675 1074 uno
714 1032 1017 1086 Carthaginem
1057 1032 1166 1086 cepi,
1209 1046 1304 1073 cum
1342 1046 1423 1085 quo
1462 1033 1665 1085 quattuor

115 1093 414 1146 imperatores,
455 1095 656 1146 quattuor
694 1091 899 1133 exercitus
932 1089 1354 1156 Carthaginiensium
1392 1090 1481 1131 fudi
1518 1090 1665 1144 fugavi

116 1150 331 1205 Hispania
358 1151 511 1205 expuli,
543 1166 618 1193 vos
645 1152 740 1192 octo
767 1150 887 1191 milia
912 1150 1145 1203 hominum,
1175 1149 1352 1190 minoris
1379 1151 1492 1190 certe
1519 1162 1665 1190 omnes

116 1211 260 1265 pretii,
301 1225 428 1264 quam
469 1210 620 1251 Albius
663 1212 704 1250 et
744 1209 893 1250 Atrius
935 1211 1052 1263 sunt,
1097 1209 1249 1263 quibus
1292 1222 1367 1249 vos
1412 1207 1666 1259 subiecistis,

117 1268 373 1323 Hispaniam
399 1269 662 1323 provinciam
687 1268 843 1322 populo
864 1268 1058 1309 Romano
1086 1267 1271 1322 erepturi
1298 1266 1456 1308 eratis?
1483 1266 1666 1307 amolior

119 1330 161 1369 et
198 1342 373 1369 amoveo
412 1342 568 1369 nomen
604 1342 762 1381 meum3
804 1327 910 1368 nihil
949 1327 1062 1367 ultra
1086 1326 1217 1367 facile
1249 1325 1454 1368 creditam
1486 1327 1666 1366 mortem

117 1466 292 1509 Romani,
330 1466 481 1502 dienten
518 1467 586 1501 wie
625 1466 682 1501 die
719 1467 855 1500 Romer

116 1513 154 1547 in
180 1513 333 1558 eigenen
360 1513 548 1559 Legionen
573 1515 680 1548 unter
703 1514 855 1558 eigenen

117 1560 393 1604 Vorgesetzten.

162 1618 226 1641 nec
251 1626 294 1631 —
320 1608 400 1653 nee]
439 1608 504 1641 das
544 1609 640 1642 erste
677 1618 740 1642 nec
777 1608 855 1642 ent-

116 1653 258 1698 spricht
276 1654 355 1688 hier
373 1654 476 1689 nicht
495 1666 564 1689 nur
587 1654 669 1688 dem
689 1654 855 1697 zweiten,

116 1700 273 1735 sondern
311 1701 446 1745 knupft
490 1701 660 1746 zugleich
698 1713 745 1736 an
789 1702 855 1736 das

114 1746 425 1792 Vorhergehende
457 1760 520 1790 an3
556 1749 724 1794 vgl.26,
753 1752 806 1791 16,
834 1752 854 1783 9

115 1791 246 1839 eorpus
270 1796 411 1829 nullum
440 1796 599 1830 civitatis
623 1807 686 1830 nec
711 1775 856 1830 senatus

114 1852 179 1876 nec
192 1842 308 1885 plebis
327 1844 519 1877 concilium
540 1854 603 1877 nec
621 1844 856 1887 mayzstratus

115 1899 195 1923 esse.

165 1939 196 1969 6.
244 1934 423 1979 Campani
461 1936 642 1982 Capuam]
686 1937 783 1970 nach
820 1936 855 1980 4,

117 1985 174 2026 37,
202 1986 219 2016 1
254 1982 491 2025 Vulturnum,
525 1983 764 2018 Etruscorum
794 1995 855 2018 ui·-

118 2030 203 2071 bem,
223 2041 314 2073 quae
328 2041 426 2064 nunc
441 2031 570 2074 Capua
584 2035 645 2073 est,
665 2031 716 2065 ab
738 2032 766 2066 S
773 2042 856 2066 am-

116 2077 293 2111 nitibus
327 2081 490 2122 captam;
526 2078 601 2111 und
639 2089 735 2112 zwar
769 2078 858 2120 festo

116 2123 175 2157 die
204 2124 327 2168 yravis
356 2135 478 2159 somno
509 2126 690 2169 epulisque
720 2126 858 2160 incolas

115 2173 245 2251 vigeres
274 2172 360 2206 novi
390 2172 506 2206 coloni
536 2176 716 2207 nocturna
754 2173 858 2207 caede

116 2228 140 2251 a
167 2218 248 2251 orti.

166 2264 383 2299 Mamertini
421 2286 463 2289 —
502 2266 728 2311 Blessanam]
761 2266 856 2300 nach

117 2310 202 2345 dem
222 2311 323 2345 Tode
343 2312 405 2346 des
425 2312 656 2357 Agathokles
678 2314 774 2357 (289)
796 2314 856 2347 be-

116 2357 322 2409 machtigte
332 2358 408 2393 sich
417 2360 483 2393 auf
490 2360 572 2394 dem
580 2360 857 2394 Ruckmarsche

117 2402 178 2438 ein
201 2404 283 2438 Teil
305 2405 423 2439 seiner
447 2407 727 2451 campanischen
752 2407 856 2442 seld-

117 2462 182 2485 ner
196 2450 313 2485 durch
326 2452 459 2487 Verrat
472 2453 536 2487 der
551 2454 658 2488 Stadt
671 2454 855 2496 Messana3

118 2498 170 2532 sie
202 2500 365 2533 nannten
398 2500 476 2533 sich
508 2500 652 2541 „Sohne
685 2501 748 2536 des
780 2501 855 2536 Ma-

118 2547 241 2579 mers“
267 2546 397 2589 (Mars)
425 2563 469 2575 =
496 2547 719 2582 Mamertini.

165 2595 198 2628 8.
240 2592 316 2638 sed]
357 2593 422 2627 der
458 2593 602 2628 Redner
637 2593 761 2629 bricht
797 2595 857 2629 die

118 2639 267 2674 weitere
281 2640 522 2684 Ausfiihrung
541 2640 604 2675 des
620 2641 857 2686 Vergleiches

118 2686 165 2720 ab
179 2687 254 2721 und
273 2687 364 2731 geht
383 2699 425 2721 zu
445 2687 527 2721 dem
544 2687 696 2722 zweiten
711 2688 857 2723 Punkte

118 2734 226 2768 iiber:
265 2734 351 2778 „Ihr
388 2733 722 2779 bersicksichtigtet
756 2735 860 2769 nicht

121 2779 180 2815 die
200 2782 501 2827 gegenw'artigen
515 2781 769 2816 Verbaltnisse
785 2781 859 2815 und

117 2827 338 2862 Personen.“

165 2876 262 2909 viam
287 2876 447 2920 consilii]
476 2875 571 2919 „den
597 2875 760 2917 Verlauf,
787 2875 858 2910 den

120 2932 204 2957 euer
235 2921 328 2957 Plan
365 2923 522 2957 nehmen
558 2923 737 2965 konnte“;
781 2922 856 2967 vgl.

927 1464 961 1509 4,
976 1469 1032 1507 48,
1049 1469 1071 1499 4
1089 1475 1154 1500 nec
1171 1465 1313 1499 tribuni
1332 1465 1488 1499 militum
1507 1484 1550 1489 -—
1571 1465 1666 1499 viam

927 1513 1072 1548 consilii
1095 1513 1335 1547 inveniebant.
1371 1513 1405 1554 ε’),
1434 1516 1464 1550 5,
1487 1515 1528 1545 11
1555 1512 1667 1545 videte

927 1563 1011 1604 quot
1042 1570 1096 1594 ‘res
1128 1580 1171 1584 ——
1203 1563 1400 1604 sequantur
1435 1559 1537 1593 illam
1570 1559 1667 1592 viam

928 1607 1083 1642 consilii.

975 1655 1024 1688 ad
1048 1653 1230 1698 ultimum]
1259 1653 1338 1696 „bis
1358 1665 1439 1687 zum
1460 1652 1667 1687 ’aussersten

928 1701 1091 1744 Grade“;
1129 1701 1291 1735 beliebte
1316 1699 1561 1744 Verbindung
1593 1699 1666 1743 vgl.

928 1748 963 1790 1,
977 1752 1032 1790 33,
1048 1751 1078 1782 5.
1101 1747 1202 1790 245,
1218 1751 1270 1782 10.
1291 1747 1326 1791 3,
1343 1751 1396 1790 10,
1411 1751 1443 1781 3.
1464 1750 1551 1790 64,8
1567 1759 1599 1780 u.
1616 1758 1665 1789 0.;

928 1795 1078 1829 'ahnlich
1115 1795 1174 1837 23,
1207 1798 1238 1837 2,
1275 1799 1296 1828 4
1332 1795 1518 1838 improbus
1553 1794 1667 1836 homo,

928 1843 988 1877 sed
1012 1853 1086 1876 non
1111 1843 1159 1876 ad
1184 1845 1376 1876 eaetremum
1399 1842 1574 1885 perditus.

975 1889 1116 1934 exequi]
1127 1889 1374 1933 durchgehen,
1388 1888 1578 1931 darlegen3
1593 1888 1665 1932 vgl.

928 1936 1072 1981 29,17,
1100 1939 1142 1970 17
1167 1947 1278 1980 neque
1297 1946 1358 1980 890
1376 1936 1502 1979 eoeequi
1519 1946 1668 1979 possum

927 1994 991 2018 nec
1015 1984 1114 2018 vobis
1139 1993 1267 2027 operae
1291 1986 1340 2017 est
1359 1983 1500 2025 audire,
1526 1983 1665 2026 sinyuli

930 2042 1021 2074 quae
1040 2031 1146 2074 passi
1170 2041 1302 2064 sumus.

978 2081 1009 2111 9
1035 2078 1119 2119 fudi
1143 2077 1272 2122 fuqavi
1291 2098 1333 2102 —
1354 2077 1494 2122 empuli]
1524 2076 1582 2111 die
1600 2075 1666 2111 Be-

930 2123 1034 2168 griffe
1071 2124 1196 2168 folgen
1229 2124 1308 2158 sich
1342 2124 1547 2168 steigernd3
1585 2124 1669 2166 fudi

927 2172 1058 2216 fugai-i
1077 2171 1260 2206 erscheint
1278 2173 1379 2206 sonst
1397 2171 1456 2205 bei
1473 2169 1550 2205 Liv.
1573 2171 1667 2205 ohne

929 2219 1060 2253 drittes
1092 2219 1272 2261 Verbum3
1306 2219 1380 2263 vgl.
1408 2229 1436 2252 c.
1464 2222 1504 2261 4,
1532 2223 1552 2253 6
1583 2219 1668 2260 fusa

929 2276 972 2300 ac
995 2266 1137 2310 fugata.

979 2317 1031 2348 10.
1059 2314 1210 2347 amolior
1235 2315 1267 2346 et
1291 2311 1448 2357 amoveo]
1477 2310 1668 2346 feierliche

928 2359 1036 2395 Form
1069 2360 1133 2394 der
1157 2360 1415 2404 Lostrennung
1440 2358 1559 2394 seiner
1583 2359 1667 2393 Per-

928 2417 994 2441 son
1030 2417 1104 2442 von
1141 2407 1205 2442 der
1243 2406 1496 2451 Schuldfrage.
1554 2405 1667 2440 Beide

927 2453 1067 2498 Verba,
1101 2456 1204 2488 sonst
1228 2453 1338 2488 meist
1362 2453 1400 2488 in
1426 2453 1668 2488 r'aumlichem

930 2501 1057 2542 Sinne,
1087 2501 1209 2535 finden
1236 2501 1313 2535 sich
1339 2511 1379 2534 so
1404 2500 1510 2534 nicht
1534 2500 1668 2534 wieder

929 2548 1158 2590 verbunden;
1185 2548 1352 2592 dagegen
1372 2547 1431 2590 23,
1446 2551 1501 2589 39,
1523 2551 1544 2581 4
1560 2547 1669 2590 prius

929 2606 964 2629 se
990 2599 1089 2630 aetas
1113 2595 1337 2639 σίν-8117718911,
1371 2605 1479 2639 quam
1503 2604 1668 2628 movere

931 2653 979 2676 ae
1003 2643 1156 2676 moliri
1179 2643 1371 2686 quicquam
1395 2652 1458 2675 γεω
1481 2643 1606 2685 posset.

978 2690 1071 2723 nihil
1100 2689 1214 2734 ultra]
1252 2691 1385 2732 „mogt
1414 2688 1471 2721 ihr
1504 2687 1596 2721 euch
1630 2686 1668 2720 in

931 2735 1058 2769 keiner
1071 2735 1281 2779 Beziehung
1294 2735 1422 2769 weiter
1438 2745 1556 2779 gegen
1570 2733 1669 2767 mich

930 2792 1140 2826 vergangen
1171 2781 1309 2822 haben,
1343 2781 1397 2815 als
1429 2780 1544 2814 dass.“
1599 2779 1668 2814 Die

931 2827 1170 2873 Verbindung
1189 2839 1261 2862 von
1279 2829 1373 2862 nihil
1389 2829 1487 2862 ultra
1501 2844 1545 2856 =
1560 2827 1667 2871 „wei-

930 2877 987 2910 ter
1006 2876 1119 2918 nicht,
1146 2875 1305 2910 darsiber
1324 2874 1456 2909 hinaus
1475 2875 1600 2909 nicht“
1619 2874 1668 2908 ist

930 2923 1072 2967 haufig3
1105 2922 1178 2966 vgl.
1207 2921 1272 2965 21,
1301 2926 1360 2965 21,
1394 2926 1413 2956 2
1446 2923 1539 2957 nihil
1568 2923 1668 2957 ultra
