1953 3278
246 150 299 191 18
717 149 861 184 LIBER
887 149 1052 184 xxvm.
1105 149 1207 185 CAP.
1234 154 1264 186 s.
1292 155 1324 187 9.

1646 169 1671 188 a.
1691 170 1719 188 u.
1740 164 1803 189 547.

245 259 281 299 si
308 272 429 299 suam
456 271 584 311 quam
606 255 881 297 Oritanorum
908 258 1035 310 atque
1055 255 1343 310 Opuntiorum
1367 258 1583 301 fortunam
1610 261 1800 315 mallent,

175 328 217 358 13
246 317 298 358 ab
327 315 526 358 Chalcide
554 313 710 355 Oreum
736 314 915 369 navigat
939 314 1264 370 principumque
1294 316 1359 370 iis,
1391 318 1464 372 qui
1496 318 1643 374 fugere
1676 322 1802 374 capta

243 375 348 417 urbe
389 388 515 427 quam
549 387 593 413 se
626 372 831 414 Romanis
868 373 1037 414 tradere
1077 374 1338 428 maluerant,
1376 389 1541 425 summa
1577 392 1718 419 rerum
1758 381 1801 420 et

244 432 438 475 custodia
469 431 588 472 urbis
628 431 857 485 permissa,
895 431 987 485 ipse
1019 431 1338 474 Demetriadem
1371 433 1424 474 ab
1456 434 1654 490 Euboea,
1690 436 1801 479 unde

242 492 426 546 primum
471 489 523 530 ad
571 503 695 543 opem
740 489 959 532 ferendam
1011 491 1136 532 sociis
1187 491 1404 545 profectus
1455 495 1564 548 erat,
1618 495 1800 537 traiecit.

175 563 215 591 14
244 547 536 591 Cassandreae
574 547 726 590 deinde
765 551 935 590 centum
975 550 1149 591 navium
1188 550 1416 605 longarum
1455 552 1609 594 carinis

1647 554 1801 608 positis

244 609 548 661 contractaque
593 607 644 648 ad
692 608 887 649 effectum
939 608 1028 649 eius
1074 609 1214 663 operis
1264 608 1538 650 multitudine
1582 610 1802 653 fabrorum

242 666 479 720 navalium,
520 666 619 720 quia
656 680 723 707 res
763 667 807 707 in
846 665 1027 708 Graecia
1064 668 1318 722 tranquillas
1351 670 1392 708 et
1423 668 1632 722 profectio
1665 670 1803 711 Attali

243 724 404 766 fecerat
431 726 474 766 et
498 725 543 765 in
569 728 761 779 tempore
788 725 1085 767 laborantibus
1113 726 1240 768 sociis
1267 727 1402 767 latum
1436 727 1488 768 ab
1517 741 1561 768 se
1589 728 1807 782 auxilium,

243 786 359 825 retro
391 783 437 823 in
469 796 648 837 regnum
682 785 911 837 concessit,
941 787 988 825 ut
1020 783 1232 826 Dardanis
1266 785 1425 826 bellum
1457 785 1649 828 inferret.

362 841 568 882 Extremo
610 842 786 883 aestatis
825 842 933 895 eius,
972 857 1054 896 qua
1091 843 1195 884 haec
1233 844 1278 884 in
1316 842 1497 885 Graecia
1534 847 1656 899 gesta
1695 847 1806 898 sunt,

247 915 343 942 cum
377 900 424 949 Q.
455 899 614 941 Fabius
648 899 861 941 Maximus
894 901 1062 956 legatus
1095 902 1148 942 ab
1180 901 1236 943 M.
1264 902 1385 944 Livio
1419 904 1590 945 consule
1622 903 1802 946 Romam

246 959 299 1000 ad
333 962 528 1000 senatum
562 959 718 1000 missus
750 959 993 1001 nuntiasset
1025 960 1242 1001 consulem
1278 961 1381 1001 satis
1413 961 1615 1015 praesidii
1642 961 1805 1004 Galliae

245 1018 489 1072 provinciae
522 1017 692 1059 credere
725 1017 770 1059 L.
802 1017 1002 1060 Porcium
1035 1032 1129 1060 cum
1164 1019 1252 1060 suis
1282 1020 1523 1073 legionibus
1551 1035 1655 1074 esse,
1687 1021 1804 1062 dece—

199 1088 218 1118 2
247 1077 344 1118 dere
379 1091 422 1118 se
455 1077 551 1118 inde
579 1091 627 1118 ac
655 1076 802 1118 deduci
830 1078 1059 1118 exercitum
1087 1077 1355 1119 consularem
1384 1092 1522 1132 posse,
1547 1082 1691 1133 patres
1717 1093 1806 1121 non

244 1134 300 1178 M.
334 1135 498 1177 Livium
534 1138 704 1176 tantum
735 1135 871 1177 redire
899 1136 951 1177 ad
978 1136 1139 1190 urbem,
1173 1136 1244 1177 sed
1271 1136 1494 1191 conlegam
1521 1152 1687 1193 quoque
1714 1138 1805 1180 eius

195 1208 215 1236 3
244 1193 288 1236 C.
328 1193 553 1236 Claudium
592 1194 815 1236 iusserunt.

890 1195 934 1236 id
971 1195 1096 1236 modo
1137 1195 1181 1236 in
1227 1194 1397 1236 decreto
1436 1195 1647 1250 interfuit,
1693 1197 1803 1251 quod

242 1252 298 1294 M.
319 1252 413 1294 Livi
442 1254 676 1294 exercitum
702 1253 858 1307 reduci,
890 1253 1075 1295 Neronis
1101 1254 1293 1309 legiones
1318 1252 1557 1295 Hannibali
1584 1255 1804 1308 oppositas

195 1324 216 1353 4
245 1326 416 1353 manere
449 1312 495 1353 in
526 1312 750 1366 provincia
781 1312 1009 1354 iusserunt.

1071 1313 1182 1353 inter
1214 1312 1409 1354 consules
1439 1313 1500 1354 ita
1531 1327 1608 1366 per
1638 1313 1805 1355 litteras

244 1371 457 1425 convenit,
477 1373 525 1412 ut
545 1385 670 1425 quem
692 1370 744 1412 ad
766 1371 940 1412 modum
963 1386 1048 1413 uno
1066 1372 1209 1412 animo
1224 1385 1313 1412 rem
1327 1371 1543 1425 publicam
1559 1372 1806 1426 gessissent,

240 1430 312 1484 ita,
340 1445 600 1485 quamquam
628 1444 677 1470 ex
705 1429 883 1472 diversis
911 1430 1162 1485 regionibus
1190 1430 1478 1484 convenirent,
1504 1444 1588 1472 uno
1614 1433 1806 1485 tempore

290 1596 343 1627 14.
388 1592 650 1639 Cassandreae]
690 1604 735 1628 an
769 1592 883 1628 stelle
924 1593 986 1628 des

240 1650 311 1675 von
344 1639 495 1685 Philipp
528 1640 554 1674 Ι.
595 1641 799 1675 zerstorten
829 1639 988 1674 Potidaa

240 1687 393 1722 erbaute
408 1686 613 1722 Cassander
633 1687 692 1721 die
709 1688 805 1723 nach
825 1687 904 1721 ihm
922 1687 986 1722 be-

238 1736 376 1769 nannte
402 1734 518 1769 Stadt.

288 1782 401 1816 latum
428 1782 473 1816 ab
499 1792 534 1816 se
560 1781 761 1827 auxilium]
791 1781 905 1816 durch
929 1781 987 1816 die

237 1829 482 1874 Anwendung
520 1828 584 1863 des
618 1826 789 1863 Pronom.
825 1828 987 1863 reflexiv.

239 1876 310 1910 soll
354 1875 474 1910 dieser
513 1875 596 1910 Teil
640 1875 704 1910 des
743 1875 869 1910 Satzes
912 1875 986 1919 (die

240 1923 391 1957 seiner
422 1923 634 1967 Meinung
659 1923 772 1957 nach
805 1933 877 1957 von
907 1923 986 1957 ihm

239 1968 435 2014 geleistete
469 1969 596 2014 Hfilfe)
628 1970 683 2004 als
716 1970 893 2005 Gedanke
923 1970 986 2004 des

239 2016 390 2061 Philipp
417 2017 650 2059 erscheinen‚
683 2017 749 2051 das
776 2017 905 2061 fibrige
932 2017 986 2051 als

238 2063 419 2098 Faktum:
465 2063 524 2098 die
567 2063 818 2098 thatsiichlich
857 2064 985 2109 herge-

240 2109 365 2145 stellte
387 2110 512 2152 ltuhe3
539 2111 612 2155 vgl.
634 2110 694 2153 26,
717 2115 773 2151 38,
797 2115 813 2144 1
836 2111 986 2145 Hamn'-

240 2158 353 2192 bcdem
376 2177 418 2182 —-
441 2158 606 2202 cmyebat,
633 2159 728 2202 quod
755 2158 883 2202 Capua
906 2169 986 2202 per-

239 2205 401 2240 tinacius
449 2209 663 2250 oppuynczta
707 2206 752 2240 ab
798 2205 987 2247 Romanis,

241 2263 351 2296 quam
400 2252 546 2294 defensa
590 2253 636 2287 ab
679 2262 715 2287 se
759 2272 802 2277 —-
848 2253 988 2287 animos

237 2302 426 2333 averterat.

291 2355 325 2382 e.
352 2346 491 2389 9-11,
528 2350 581 2381 12.
631 2345 870 2381 Romische
902 2347 986 2380 An-

273 2393 608 2437 elegenheiten.
667 2393 884 2438 Triumph
912 2392 988 2427 der

274 2440 401 2485 ieger
450 2452 516 2475 am
566 2441 796 2475 Metaurus
848 2442 891 2485 (c.
938 2441 986 2483 9).

239 2486 449 2531 Wahlen,
479 2487 724 2532 Prodigien
751 2500 784 2521 u.
813 2498 844 2522 a.

287 2543 322 2569 c.
348 2534 383 2578 9,
413 2538 442 2569 1.
481 2535 714 2569 Eaetremo—
733 2535 895 2580 aestatis]
923 2534 988 2568 der

238 2580 356 2616 blosse
382 2581 534 2616 Ablativ
562 2582 625 2616 des
659 2581 987 2616 substantivierten

239 2629 440 2663 Neutrums
467 2629 522 2663 als
548 2629 898 2673 Zeitbestimmung,
924 2628 986 2662 be-

239 2675 380 2710 kleidet
407 2676 475 2710 mit
501 2675 619 2710 einem
648 2674 811 2718 Genitiv,
846 2676 900 2709 ost
925 2675 986 2708 bei

239 2721 333 2764 Liv.;
366 2723 440 2768 vgl.
474 2723 541 2767 26,
575 2727 637 2767 20,
673 2727 690 2758 7
725 2723 872 2758 aestatis
910 2723 986 2756 eius

239 2773 404 2804 extremo.

287 2816 330 2850 L.
358 2816 543 2863 Porcium]
572 2828 609 2852 es
636 2818 686 2852 ist
710 2818 774 2852 der
795 2817 926 2851 Prator
945 2815 984 2851 L.

239 2861 390 2897 Porcius
417 2864 581 2907 Licinus,
615 2865 680 2898 der
710 2876 771 2899 am
796 2864 984 2898 Metaurus

241 2909 320 2953 (27,
348 2914 392 2945 46
407 2911 458 2953 ff.)
485 2911 763 2955 mitgefochten.

1109 1597 1139 1627 3.
1179 1593 1303 1627 reduci
1336 1613 1377 1617 —
1410 1592 1569 1638 manere]
1608 1593 1687 1628 Liv.
1721 1595 1805 1638 sagt

1061 1639 1141 1674 hier
1166 1639 1271 1674 nicht-
1291 1639 1359 1674 wie
1380 1642 1399 1681 ξ
1423 1643 1439 1673 1
1461 1640 1635 1675 decedere
1661 1651 1696 1675 se
1721 1641 1805 1675 inde

1061 1698 1104 1722 ac
1136 1686 1294 1729 deduci,
1327 1685 1396 1721 wie
1423 1686 1487 1721 der
1513 1686 1688 1722 amtliche
1714 1688 1805 1722 Aus-

1061 1733 1178 1768 druck
1212 1733 1408 1776 erfordert,
1443 1734 1600 1768 sondern
1631 1745 1675 1769 re
1706 1735 1805 1778 duci,

1061 1780 1262 1816 veranlasst
1287 1780 1402 1814 durch
1434 1781 1505 1815 den
1531 1780 1736 1826 Gegensatz
1761 1794 1805 1816 zu

1063 1828 1146 1862 dem
1172 1826 1371 1872 folgenden
1397 1838 1548 1862 manere.

1106 1879 1139 1910 4.
1181 1878 1221 1909 ut
1257 1886 1357 1919 quem
1389 1875 1438 1909 ad
1469 1875 1613 1909 modum
1652 1895 1693 1900 —
1732 1875 1803 1920 ita]

1059 1932 1161 1967 quem
1193 1922 1242 1956 ad
1272 1922 1414 1956 modum
1453 1921 1501 1956 ist
1532 1921 1612 1956 hier
1651 1923 1804 1967 gesetzt,

1060 1968 1178 2003 damit
1196 1968 1301 2003 nicht
1321 1968 1379 2003 ein
1394 1969 1542 2003 zweites
1560 1972 1602 2003 ut
1615 1968 1804 2003 unmittel-

1059 2016 1126 2051 bar
1140 2016 1206 2051 auf
1217 2015 1283 2050 das
1300 2017 1395 2050 erste
1409 2016 1526 2061 folge,
1547 2015 1690 2061 vgl.2l,
1705 2019 1758 2058 13,
1771 2020 1802 2050 5.

1060 2063 1122 2106 21,
1146 2066 1203 2106 45,
1230 2066 1250 2097 s
1277 2075 1311 2097 u.
1339 2066 1370 2098 ὃ.

1107 2121 1181 2145 uno
1197 2111 1335 2156 animo]
1363 2109 1531 2154 dagegen
1550 2113 1568 2152 ἓ
1584 2114 1603 2144 9
1625 2110 1804 2144 communi

1061 2159 1202 2199 animm,-
1234 2156 1312 2191 Liv.
1347 2159 1431 2201 sagt
1461 2167 1534 2191 uno
1561 2157 1682 2192 animo
1715 2156 1804 2191 oder

1061 2205 1223 2246 consilio,
1243 2215 1305 2238 um
1323 2216 1365 2237 zu
1379 2203 1614 2245 bezeichnen,
1630 2202 1709 2238 dass
1723 2204 1804 2238 eine

1060 2250 1467 2286 Verschiedenheit
1487 2250 1552 2285 der
1565 2250 1679 2285 Pl'ane
1700 2249 1805 2286 nicht

1059 2297 1233 2341 bestand,
1259 2298 1438 2331 communi
1469 2298 1636 2340 consilio,
1669 2298 1803 2341 animo,

1060 2356 1123 2379 um
1167 2344 1225 2378 die
1270 2344 1658 2379 Gemeinsamkeit
1706 2344 1804 2380 ihtes

1061 2392 1291 2436 Ursprunges
1317 2391 1392 2425 und
1418 2391 1648 2436 Fortganges
1673 2403 1716 2426 zu
1742 2391 1803 2427 be-

1059 2441 1183 2474 tonen.

1108 2485 1351 2530 convenirent]
1398 2485 1493 2520 ohne
1544 2485 1615 2520 den
1659 2485 1804 2520 Neben·

1059 2532 1196 2577 begrifl'
1242 2533 1341 2566 eines
1390 2531 1648 2577 personlichen
1701 2531 1802 2575 „sich

1059 2579 1225 2620 treffen“,
1246 2591 1314 2613 nur
1330 2596 1372 2608 =
1386 2579 1481 2614 nach
1501 2579 1621 2614 einem
1641 2578 1802 2623 gemein-

1061 2637 1187 2661 samen
1214 2626 1312 2660 Ziele
1338 2626 1474 2661 ziehen.

1106 2685 1180 2708 uno
1206 2674 1371 2718 tempore]
1399 2673 1566 2717 dagegen
1592 2675 1611 2714 ξ
1638 2676 1658 2706 5
1684 2671 1802 2706 eodem

1058 2721 1138 2755 die.
1195 2720 1273 2755 Liv.
1302 2723 1386 2765 sagt
1410 2730 1483 2754 ‘cmo
1508 2720 1596 2762 die,
1634 2730 1695 2752 um
1731 2718 1801 2753 den

1060 2767 1287 2811 Zahlbegriff
1335 2767 1430 2801 eins
1483 2765 1799 2808 hervorzuheben3

1058 2816 1175 2850 eodem
1195 2815 1282 2856 die,
1308 2825 1370 2847 um
1390 2813 1449 2847 die
1470 2811 1801 2857 Gleichzeitig-

1058 2862 1157 2896 keit
1188 2872 1258 2896 von
1290 2860 1524 2904 Ereignissen
1555 2871 1598 2894 zu
1630 2859 1799 2894 betonen.

1058 2919 1132 2943 uno
1169 2912 1359 2952 tempore
1402 2906 1571 2952 dagegen
1611 2905 1660 2941 ist
1696 2906 1802 2941 mehr
