1953 3278
234 149 291 189 22

719 145 858 181 LIBER
886 145 1050 180 XXVIII.
1101 146 1204 181 CAP.
1234 150 1285 181 10.

1496 153 1499 156 ’
1553 166 1579 184 a.
1601 167 1628 185 u.
1649 159 1709 186 547.
1732 160 1795 186 548.

188 267 208 297 5
236 257 287 298 ad
320 256 592 310 quaestiones
624 252 855 306 habendas,
887 253 959 306 qui
989 251 1272 294 Etruscorum
1297 253 1608 299 Umbrorumve
1641 257 1790 312 populi

234 315 486 356 defectionis
525 311 577 352 ab
617 309 824 352 Romanis
863 310 916 352 ad
953 310 1268 352 Hasdrubalem
1305 313 1383 355 sub
1422 315 1651 358 adventum
1699 316 1788 358 eius

187 444 207 474 6
235 432 375 485 aliqua
410 430 630 470 iuvissent.
690 427 796 470 haee
829 442 876 470 eo
917 442 1029 470 anno
1063 428 1179 470 domi
1210 429 1472 486 militiaeque
1504 435 1638 487 gesta.

234 373 411 415 consilia
445 371 685 425 agitassent
717 369 871 424 quique
904 383 999 411 eum
1026 369 1196 411 auxiliis
1230 373 1304 412 aut
1335 377 1574 416 commeatu
1606 378 1679 416 aut
1710 388 1788 429 ope

1700 433 1790 475 ludi

187 501 205 531 7
233 489 416 531 Romani
448 490 513 529 ter
544 487 625 528 toti
658 486 887 529 instaurati
924 487 978 528 ab
1011 487 1219 529 aedilibus
1252 489 1468 531 curulibus
1501 489 1577 533 Cn.
1610 490 1788 533 Servilio

233 546 445 601 Caepione
485 545 572 588 Ser.
611 543 808 587 Cornelio
847 545 1050 600 Lentu103
1094 547 1196 588 item
1235 546 1323 588 ludi
1360 548 1502 601 plebei
1540 551 1669 591 semel
1708 551 1791 592 toti

231 605 461 646 instaurati
494 605 547 646 ab
575 604 784 646 aedilibus
811 604 949 659 plebis
976 604 1032 646 M.
1059 604 1298 660 Pomponio
1324 605 1530 648 Mathone
1557 611 1599 649 et
1626 607 1673 657 Q.
1699 607 1789 650 Ma-

182 735 202 765 8

181 853 200 882 9
229 840 388 881 bellum
429 842 641 894 gererent,
686 839 907 893 provincia
946 839 1128 881 decreta.

161 970 202 1000 10
229 956 272 999 C.
314 956 517 999 Servilius
557 955 765 1009 Siciliam,
809 955 874 997 Ti.
913 954 1116 997 Claudius
1159 955 1413 1000 Sardiniam.

161 1146 200 1176 11

160 1263 201 1293 12

230 665 348 705 milio
381 663 575 706 Turrino.

347 722 491 764 Tertio
531 722 695 764 decimo
735 736 847 763 anno
888 721 1038 763 Punici
1076 722 1197 777 belli,
1234 722 1280 765 L.
1313 723 1492 766 Veturio
1530 723 1710 766 Philone
1748 727 1791 766 et

231 781 278 830 Q.
291 780 476 823 Caecilio
489 780 664 822 Metello
679 781 937 834 consulibus,
952 780 1112 822 Bruttii
1127 782 1350 836 ambobus,
1371 786 1419 824 ut
1432 797 1528 824 cum
1547 783 1792 825 Hannibale

1196 843 1414 894 praetores
1453 842 1604 883 exinde
1649 842 1791 884 sortiti

230 903 342 951 sunt,
374 898 429 939 M.
458 897 669 940 Caecilius
697 896 897 938 Metellus
930 898 1151 951 urbanam,
1184 898 1230 947 Q.
1256 899 1474 942 Mamilius
1505 901 1788 956 peregrinam,

1481 960 1690 1002 exercitus
1729 959 1792 1001 ita

229 1016 371 1057 divisi:
405 1016 627 1058 consulum
661 1014 803 1068 alteri,
836 1029 960 1069 quem
994 1013 1038 1056 C.
1071 1013 1273 1057 Claudius
1305 1017 1459 1070 prioris
1493 1018 1594 1059 anni
1628 1019 1790 1072 consul,

229 1075 372 1129 alteri,
419 1089 543 1130 quem
583 1073 630 1123 Q.
669 1072 871 1115 Claudius
914 1076 1167 1127 propraetor
1209 1098 1267 1104 -
1312 1089 1385 1116 eae
1427 1077 1553 1117 binae
1598 1077 1790 1131 legiones

230 1137 353 1175 erant
396 1159 443 1163 —
488 1133 742 1175 habuissent
781 1133 1030 1186 exercitum,
1074 1133 1118 1174 in
1149 1131 1326 1174 Etruria
1364 1134 1468 1175 duas
1500 1135 1702 1176 volonum
1733 1136 1792 1177 16-

229 1193 379 1247 giones
414 1207 437 1233 a
465 1190 509 1234 C.
533 1191 732 1233 Terentio
765 1193 1045 1246 propraetore
1072 1190 1128 1233 M.
1155 1190 1300 1233 Livius
1326 1194 1572 1246 proconsul,
1603 1194 1669 1235 cui
1696 1208 1792 1247 pro-

228 1254 427 1306 rogatum
459 1251 505 1292 in
538 1265 698 1292 annum
736 1250 964 1305 imperium
1003 1252 1111 1304 erat,
1151 1251 1382 1306 acciperet3
1424 1255 1466 1293 et
1505 1251 1552 1301 Q.
1584 1251 1790 1306 Mamilio,

228 1314 276 1351 ut
317 1311 507 1365 collegae
546 1310 651 1351 iuris
692 1309 877 1351 dictione
916 1309 1074 1350 tradita
1113 1307 1299 1350 Galliam
1346 1325 1441 1352 cum
1481 1311 1686 1366 exercitu,
1726 1311 1794 1352 cui

277 1455 307 1484 5.
345 1451 393 1485 cul
425 1450 648 1495 quaestiones
678 1449 864 1484 habendas
894 1448 971 1493 qui]

227 1509 314 1540 „um
365 1497 696 1541 Untersuchungen
752 1496 974 1530 einzuleiten

227 1555 347 1589 gegen
374 1544 586 1590 dieJ'enigen
605 1543 782 1578 welche.“
828 1542 900 1577 Der
920 1543 973 1577 in-

229 1591 373 1626 direkte
393 1592 592 1636 Fragesatz
615 1589 782 1625 schliesst
802 1589 879 1624 sich
905 1590 974 1624 mit

228 1640 292 1683 qui
317 1650 375 1682 an,
403 1639 458 1673 als
479 1639 526 1674 ob
550 1637 698 1672 einfach
724 1638 772 1672 ad
797 1648 972 1682 quaeren-

228 1687 315 1720 dum
340 1685 579 1731 voranginge.

283 1733 554 1778 Umbrorumve]
583 1743 621 1766 ve
647 1731 722 1766 und
747 1730 798 1765 im
817 1731 973 1776 Folgen-

229 1780 299 1815 den
331 1784 397 1815 aut
422 1801 465 1805 —
494 1784 559 1815 aut
591 1778 757 1813 scheidet
795 1778 854 1813 die
894 1789 973 1813 ver-

229 1827 452 1862 schiedenen
464 1827 714 1871 Richtungen,
728 1825 767 1859 in
781 1825 899 1860 denen
914 1825 973 1860 die

231 1874 513 1919 Untersuchung
527 1873 606 1908 sich
629 1885 672 1907 zu
692 1873 869 1917 bewegen
890 1872 972 1915 hat3

229 1932 295 1965 que
315 1942 357 1946 —
378 1926 410 1956 et
430 1942 473 1946 —
494 1924 526 1956 et
547 1920 670 1955 wfirde
699 1920 771 1954 alle
792 1919 974 1954 Anschul-

229 1968 417 2013 digungen
443 1980 485 2002 zu
515 1968 639 2003 einer
663 1967 878 2002 verbinden.

276 2016 321 2050 ab
342 2015 520 2050 Romanis
539 2016 588 2050 acl
609 2013 897 2059 Hasdrubalem]
913 2024 976 2047 zur

230 2062 473 2107 Verbindung
517 2062 582 2096 der
623 2061 757 2096 beiden
796 2061 974 2096 Substan-

229 2109 307 2143 tiva
331 2110 399 2143 mit
426 2111 526 2144 einer
552 2108 787 2153 Praposition
812 2108 886 2152 vgl.
914 2107 974 2150 ⁶26,

230 2160 295 2199 30,
329 2161 348 2190 2
382 2159 530 2200 propter
562 2156 792 2197 defectionem
824 2156 869 2189 ab
903 2154 974 2188 Ro-

227 2205 347 2237 manis
373 2204 421 2238 ad
447 2203 729 2238 Hasdrubalem.
773 2201 840 2236 Die
860 2201 975 2236 Harte

228 2251 319 2284 wird
345 2251 424 2285 hier
450 2250 566 2284 durch
597 2250 752 2284 consilia
777 2250 976 2293 aqitassent

228 2297 441 2342 gemildert;
486 2297 561 2342 vgl.
587 2297 653 2340 27,
682 2300 742 2337 43,
783 2300 802 2330 3
836 2296 975 2330 litteras

227 2355 263 2379 se
294 2345 338 2379 ab
372 2345 607 2379 Hasdrubale
644 2344 693 2378 ad
727 2343 975 2377 Hannibalem

226 2391 332 2434 ferre.

276 2449 340 2482 ope
385 2439 525 2482 aliqua]
570 2437 702 2481 irgend
746 2437 826 2471 eine
868 2435 974 2470 Hfilf-

228 2485 400 2530 leistung,
431 2485 561 2530 irgend
588 2485 647 2519 ein
673 2483 878 2526 Vomchub,
906 2483 974 2518 wie

229 2532 433 2578 Spionage,
484 2531 856 2576 chweiserdienst,
908 2530 974 2564 Zu-

227 2581 359 2624 tragen
386 2590 458 2614 von
484 2579 737 2614 Nachrichten
762 2590 796 2612 u.
825 2589 856 2612 a.

278 2631 308 2661 7.
354 2627 434 2662 Iudi
470 2626 648 2671 Romani]
694 2625 795 2660 diese
839 2624 973 2669 Spiele,

228 2674 322 2708 auch
354 2675 480 2719 maym'
507 2674 594 2709 oder
618 2673 773 2707 maximi
800 2673 973 2717 genannt,

229 2721 386 2767 werden„
403 2720 617 2766 alljahrlieh
637 2730 710 2754 von
736 2720 807 2754 den
831 2718 973 2753 kuruli-

229 2768 341 2802 schen
362 2768 498 2803 Adilen
524 2780 569 2802 zu
590 2766 713 2801 Ehren
734 2766 798 2801 des
816 2765 972 2810 Jupiter,

230 2814 294 2848 der
313 2815 408 2850 Juno
429 2815 505 2849 und
525 2815 591 2849 der
609 2813 777 2849 Minerva
797 2812 972 2858 abgehal-

228 2863 302 2896 ten.
354 2862 413 2905 27,
442 2866 473 2905 6,
503 2866 556 2897 19.

277 2908 356 2942 ludi
382 2909 499 2952 plebei
524 2909 626 2944 semel
658 2909 724 2943 toti
755 2907 971 2953 instaurati]

1048 1447 1131 1491 „die
1175 1448 1428 1493 plebejischen
1473 1449 1597 1494 Spiele
1642 1449 1795 1485 wurden

1047 1495 1184 1529 einmal
1203 1495 1241 1530 in
1261 1495 1360 1530 ihrer
1379 1506 1520 1541 ganzen
1538 1497 1791 1542 Ausdehnung

1046 1542 1311 1585 wiederholt“,
1368 1545 1464 1578 etwa
1513 1555 1641 1589 wegen
1693 1544 1793 1578 eines

1046 1589 1382 1634 vorgekommenen
1420 1590 1635 1626 Versehens.
1707 1590 1792 1626 Die-

1047 1637 1174 1671 selben
1211 1637 1293 1671 sind
1328 1637 1509 1682 jungerem
1544 1638 1699 1672 Datums
1737 1637 1793 1672 als

1046 1683 1105 1718 die
1131 1684 1212 1719 ludi
1237 1683 1414 1726 Romani,
1445 1685 1586 1720 welche
1613 1685 1679 1719 auf
1703 1685 1793 1719 Tar-

1046 1730 1193 1775 quinius
1220 1731 1365 1765 Priscus
1391 1732 1678 1777 zui-fickgefu'hrt
1698 1743 1792 1766 wur-

1046 1778 1128 1820 dcn,
1156 1778 1230 1812 und
1259 1778 1404 1812 werden
1431 1782 1551 1814 zuerst
1577 1779 1636 1823 23,
1665 1783 1721 1821 30,
1750 1782 1792 1813 17

1047 1825 1225 1860 erwahnt.
1295 1824 1354 1870 Siga
1404 1825 1552 1860 werden
1599 1837 1672 1861 von
1723 1825 1793 1860 den

1047 1871 1300 1917 plebejischen
1325 1871 1461 1906 Adilen
1488 1873 1725 1917 abgehalten.

1095 1922 1126 1953 8.
1153 1922 1195 1953 ut
1215 1929 1295 1953 cum
1316 1918 1529 1954 Hannibale
1549 1920 1678 1955 bellum
1696 1929 1793 1964 yere-

1047 1966 1141 2012 rent]
1170 1965 1229 2000 die
1251 1966 1489 2012 Aufstellung
1509 1967 1641 2002 zweier
1659 1967 1794 2002 11011611-

1049 2013 1227 2048 larischer
1247 2013 1365 2048 Heere
1384 2025 1505 2058 gegen
1525 2014 1714 2049 Hannibal
1733 2013 1796 2048 be-

1049 2060 1175 2103 weist,
1204 2059 1262 2094 fiir
1288 2059 1358 2095 wie
1383 2061 1593 2104 gefahrlich
1618 2071 1704 2095 man
1728 2060 1794 2094 ihn

1048 2107 1144 2142 noch
1170 2107 1208 2142 in
1234 2107 1352 2142 seiner
1379 2108 1591 2142 Ohnmacbt
1615 2107 1718 2142 hielt.

1099 2158 1151 2189 10.
1174 2155 1280 2188 alteri
1300 2175 1343 2180 -
1365 2155 1485 2199 alteri]
1511 2155 1561 2189 ist
1580 2165 1652 2190 von
1672 2153 1793 2188 einem

1049 2213 1113 2236 aus
1133 2204 1151 2243 ξ
1170 2205 1210 2235 12
1232 2202 1408 2236 decretum
1427 2205 1477 2236 est
1496 2213 1538 2235 zu
1554 2201 1793 2236 entnehmen-

1049 2249 1120 2283 den
1134 2249 1293 2283 decretus
1306 2252 1356 2283 est
1371 2249 1572 2292 (exercitus)
1590 2247 1790 2293 abh'angig.

1098 2299 1150 2329 11.
1172 2296 1266 2330 duas
1280 2296 1445 2330 volonum
1460 2295 1627 2341 leqiones]
1650 2306 1687 2329 es
1710 2294 1792 2329 sind

1049 2342 1108 2377 die
1140 2342 1200 2384 27,
1227 2345 1282 2385 38,
1313 2345 1356 2376 10
1382 2343 1611 2377 erwahnten:
1650 2343 1792 2377 volones

1047 2390 1088 2424 in
1125 2390 1451 2424 undevicensimam
1490 2393 1521 2424 et
1562 2390 1792 2424 vicensimam

1048 2437 1201 2482 legiones
1225 2437 1364 2480 scripti.

1099 2486 1150 2519 12.
1185 2482 1224 2527 Q.
1254 2484 1425 2518 Mamilio
1452 2504 1495 2508 —
1522 2484 1700 2519 decretum
1724 2481 1789 2528 est]

1049 2542 1111 2565 zur
1150 2530 1419 2565 Konstruktion
1462 2530 1537 2575 vgl.
1582 2530 1648 2573 36,
1686 2533 1724 2573 2,
1770 2532 1790 2563 8

1051 2577 1090 2612 L.
1129 2577 1284 2612 Aemilio
1333 2577 1454 2612 Paulo
1496 2578 1538 2612 in
1586 2577 1790 2612 ulteriorem

1048 2625 1273 2669 Hispaniam
1300 2645 1343 2649 —
1369 2625 1546 2659 decretum
1570 2628 1637 2666 est,
1662 2627 1702 2657 ut
1727 2634 1791 2657 110-

1047 2682 1172 2707 rorum
1203 2672 1359 2706 mzlitum
1391 2673 1465 2706 tria
1502 2671 1606 2705 milia
1636 2671 1787 2705 duceret.

1049 2719 1210 2754 Beachte
1230 2718 1362 2760 semer,
1390 2717 1471 2752 dass
1490 2717 1566 2752 Liv.
1589 2717 1666 2752 sich
1687 2717 1791 2751 nicht

1046 2777 1112 2801 vor
1161 2765 1244 2800 dem
1300 2763 1506 2800 hafslichen
1556 2764 1790 2798 Zusammen-

1046 2812 1178 2848 treffen
1220 2823 1294 2848 von
1331 2811 1563 2856 praefuerat,
1606 2811 1790 2852 obtineret,

1046 2861 1224 2895 decretum
1249 2862 1300 2894 est
1330 2870 1390 2893 am
1416 2858 1519 2893 Ende
1546 2858 1611 2892 der
1635 2857 1790 2893 Periode

1047 2907 1187 2942 scheut.
